2056 3706
123 275 554 350 Murrnorrrrosror
580 273 617 342 L.
645 274 726 344 IV.v
744 279 784 340 81
837 277 844 286 '

64 393 105 447 Ut
113 415 202 453 venere
212 415 292 450 totum
303 403 389 466 conjux
400 401 427 448 dc
438 395 534 448 adulter
545 399 571 444 in
581 411 671 454 unum;

66 476 129 525 Arte
139 481 201 540 viri,
211 479 340 544 vinclisque
350 476 416 528 novi
427 478 522 526 ratione
533 477 620 540 paratis
630 508 638 533 ,

68 552 99 602 In
110 553 192 606 mediis
202 558 273 608 tunbo
283 555 393 622 deprensi
403 553 554 620 amplexibus
565 553 664 600 haerent.
735 611 736 614 Ἴ

69 630 181 682 Lemnius
192 634 313 699 externplo
323 634 405 685 valvas
415 631 533 698 patefecit
543 631 658 690 eburnas,
788 632 833 694 185

68 707 216 778 Admisitque
230 712 306 770 Deos.
319 712 361 760 llli
372 715 466 776 jacuere
478 709 548 774 ligati

67 787 178 853 Turpiter
190 809 196 838 r
209 803 282 856 atque
293 790 379 856 aliquis
391 785 421 838 de
432 786 479 838 Dis
489 804 540 836 non
553 785 654 836 tristibus
664 799 731 850 optet

64 867 103 915 Sic
112 865 164 916 fieri
174 871 258 934 turpis.
271 869 356 932 Superi
365 869 436 916 risere
448 886 454 914 :
469 864 559 932 diuque
583 913 586 920 ,

61 929 121 980 Haec
133 932 180 982 fuit
190 937 217 984 in
227 948 282 984 toto
293 935 420 984 notissima
431 929 513 980 fabula
525 928 598 979 toelo.
916 975 926 1046 1

95 1085 179 1152 Exigit
189 1089 275 1138 indicii
288 1105 424 1138 memorem
435 1087 568 1152 Cythereia
581 1103 699 1154 ptcuamt
794 1115 839 1158 ¹90

63 1161 142 1228 Inque
151 1168 216 1216 vices
226 1165 314 1220 illum,
325 1169 398 1214 telios
409 1169 452 1230 qui
460 1165 520 1216 laesit
531 1182 641 1224 amores¹

68 1238 149 1290 Laedit
158 1258 241 1291 amore
252 1245 312 1308 pari.
325 1241 391 1304 Quid
400 1259 464 1292 nuns
472 1279 482 1299 ,
500 1243 636 1308 Hyperione
646 1257 717 1303 nate,

66 1317 158 1368 Forma
168 1319 282 1386 calorque
292 1321 353 1382 tibi,
364 1318 500 1388 radiataque
512 1320 603 1371 lumina
613 1321 728 1386 prosunt?

66 1395 163 1463 Nempe
174 1401 219 1447 tuis
229 1416 313 1448 omnes
323 1401 364 1464 qui
378 1415 448 1448 terras
459 1400 553 1466 ignibus
564 1401 626 1458 uris,

62 1473 146 1524 Ureris
155 1479 212 1542 igne
222 1494 287 1528 novo
299 1495 306 1525 ε
318 1479 406 1544 quique
415 1481 498 1529 omnia
510 1494 603 1527 cernere
614 1475 701 1538 debes,
788 1511 831 1558 ‚95

60 1551 218 1603 Leucotbo'e'n
229 1557 315 1620 specius
328 1574 334 1603 ε
347 1559 370 1604 &
382 1557 474 1620 virgine
486 1555 539 1621 figis
550 1559 575 1606 in
588 1573 652 1616 una,

59 1631 129 1692 Quos
140 1631 232 1682 mundo
244 1631 333 1694 debes,
344 1633 437 1682 oculos.
449 1632 529 1684 Modo
542 1637 616 1698 surgis
626 1633 679 1685 Eoo

59 1701 206 1776 Temporius
217 1711 280 1760 coelo
294 1732 300 1760 :
312 1709 388 1760 modb
399 1711 471 1761 seritis
481 1711 568 1761 incidis
578 1709 647 1762 undis
659 1729 667 1770 3

57 1788 235 1854 spectandique
246 1783 316 1840 mori
327 1789 444 1838 brumales
456 1793 557 1854 porrigis
570 1791 649 1840 horas.

55 1867 151 1918 Deficis
162 1865 287 1934 interdum
298 1886 305 1915 r
317 1867 451 1933 vitiumque
461 1871 488 1915 in
498 1867 589 1916 lumina
600 1869 685 1916 ruentis
785 1885 832 1918 200

56 1945 177 2006 Transit,
195 1949 221 1994 dc
235 1946 351 1994 obscurus
366 1943 481 1993 mortalia
495 1947 591 2008 peilora
606 1959 685 1993 terres.

55 2022 127 2082 Nec,
139 2024 186 2073 tibi
199 2021 265 2090 quod
277 2023 351 2072 Lunae
362 2025 430 2071 terris
441 2021 563 2088 propioris
572 2023 654 2087 imago

55 2100 202 2162 Obstiterit,
214 2100 289 2166 palles
301 2119 308 2150 t
321 2099 380 2148 facit
392 2103 456 2149 hunc
468 2117 537 2149 amor
547 2099 588 2149 ille
600 2101 715 2152 colorem.

54 2175 218 2244 Diligislianc
230 2195 304 2228 unam
316 2197 321 2226 :
334 2194 411 2228 necte
422 2177 602 2246 Clymeneque,
615 2179 777 2248 Rhodosque,

54 2256 107 2306 Nec
119 2273 190 2308 tenet
205 2257 274 2306 AEaeae
285 2259 386 2321 genitrix
399 2256 556 2321 pulcherrima
570 2257 673 2318 Circes,
781 2285 824 2334 ²05

54 2334 166 2402 Quaque
179 2348 235 2383 tuos
246 2331 346 2396 Clytie,
358 2331 463 2400 quamvis
476 2333 599 2400 despedia,
610 2339 705 2402 petebat

55 2407 214 2473 Concubitus
225 2428 233 2470 3
251 2413 350 2478 ipsoque
359 2411 403 2462 illo
414 2429 484 2478 grave
495 2412 581 2462 vulnus
589 2413 692 2465 habebat

56 2490 190 2557 Tempore.
204 2491 343 2539 Leucotho'e'
353 2489 483 2540 multarum
494 2489 583 2540 oblivia
595 2492 668 2549 fecit,

55 2569 140 2618 Gentis
151 2566 284 2618 odoriferae
295 2585 368 2633 quam
380 2567 551 2618 formosissima
560 2587 628 2636 partu

54 2643 139 2695 Edidit
149 2647 309 2708 Eurynome:
323 2643 362 2694 sed
372 2645 423 2709 post
433 2647 507 2714 quim
519 2647 569 2696 filia
580 2651 672 2708 crevit,
782 2671 830 2702 210

56 2720 137 2783 Qulm
148 2739 227 2774 mater
239 2725 352 2782 cundias,
365 2738 413 2772 tam
425 2740 526 2774 matrem
538 2725 588 2774 filia
598 2729 683 2775 vincit.

55 2799 128 2850 Rexit
140 2803 305 2851 Achaemenias
317 2801 384 2850 urbes
396 2819 461 2866 pater
471 2803 604 2852 Orchamus
618 2822 623 2852 ι
637 2807 703 2870 isque

55 2877 178 2942 Septimus
189 2895 203 2926 a
213 2877 282 2943 prisci
295 2893 432 2934 numeratur
443 2881 536 2944 origine
546 2879 606 2930 Beli.

56 2953 105 3004 Axe
115 2955 289 3022 subHesperio
300 2955 355 3006 suut
364 2957 450 3022 pascua
458 2955 521 3018 Solis
532 2975 649 3025 equorum
659 2977 667 3016 3

591 3047 741 3100 Dv'
