1980 3714
245 215 311 300 362
389 211 433 280 P.
462 214 621 282 Ovium
641 218 838 287 NAsosrrs

240 323 406 400 Exerrrploque
415 336 459 384 suo
469 352 548 386 mores
558 351 640 402 teget:
651 341 726 406 inque
738 339 815 391 futuri

190 409 367 477 835Temporis
381 427 476 464 aetatent
487 449 496 470 ,
506 431 711 483 venturorumque
725 431 858 484 nepotum,

238 490 404 555 Prospiciens,
422 491 517 556 prolem
533 493 613 544 seneli
623 493 653 544 de
663 499 767 561 conjuge
776 513 858 546 natam

237 567 307 617 Ferre
317 569 389 618 simul
399 585 536 636 nomenque
547 573 633 633 suum,
646 589 760 639 surasque
769 575 873 641 jubebits

237 645 290 696 Nec
301 681 310 706 ,
325 649 371 696 nisi
382 647 438 697 crim
455 649 534 698 senior
544 649 634 700 similes
644 654 774 717 aequaverit
785 667 877 714 annos,

237 723 265 774 AE
271 727 357 774 therias
368 723 434 776 sedes
445 741 594 794 cognataque
606 727 683 778 sidera
701 744 791 794 tanget.

188 797 421 872 seolseiensium
432 807 538 866 interea,
555 808 616 856 taso
628 805 659 856 de
667 824 767 873 corpore
779 824 882 873 raptam,

236 881 282 932 Fac
291 881 377 947 jubar,
393 897 421 932 ut
430 884 521 948 semper
530 881 655 948 Capitolia
665 886 762 946 nolles,
776 887 905 953 forumque

235 959 312 1010 Divus
323 960 353 1010 ab
370 960 462 1010 excelsa
474 965 607 1028 prospectet
622 963 698 1012 lulius
708 961 770 1012 ede.

267 1039 315 1088 vix
328 1055 356 1089 ea
367 1038 429 1088 fanis
447 1055 498 1090 erat
511 1058 518 1099 3
538 1039 619 1092 medii
629 1057 685 1090 curn
696 1039 750 1091 sede
765 1039 863 1104 Senatlts

234 1110 352 1168 Constitit
370 1117 434 1168 alma
448 1118 549 1178 Venus,
565 1118 757 1170 nullicernenda
770 1120 869 1186 :suique
895 1175 900 1182 ,

185 1193 335 1271 845Caesaris
352 1200 439 1263 eripuit
451 1199 584 1257 membris,
600 1202 681 1248 necin
695 1203 749 1248 a'e'ra
760 1198 822 1247 solvi

232 1270 300 1324 Parsa
310 1290 430 1326 recentem
440 1277 560 1336 animam,
575 1275 709 1328 celestibus
722 1276 805 1328 intulit
816 1276 884 1325 astris.

231 1352 346 1420 Dumque
358 1353 425 1412 tulit,
437 1351 519 1402 lumen
529 1368 613 1418 capere
623 1387 630 1411 ,
643 1367 714 1418 atque
724 1355 857 1418 ignescere,
867 1350 932 1410 sensis

231 1429 366 1496 Emisitque
383 1433 445 1480 sinu.
457 1428 526 1482 Lunai
533 1427 601 1480 volat
610 1429 680 1478 altius
690 1431 733 1480 illa
746 1448 755 1488 ς

230 1507 462 1572 flammiferumque
476 1509 587 1566 trahens,
600 1509 703 1572 spatioso
714 1507 814 1567 limite,
830 1509 909 1556 crinem

182 1585 304 1658 8508rella
312 1587 399 1638 micat.
411 1587 509 1650 natique
521 1583 605 1636 vitlens
613 1586 672 1634 bene
684 1585 762 1644 faeta,
782 1585 867 1634 latetur

229 1659 282 1710 Esse
294 1663 339 1710 suis
350 1665 442 1726 majora
454 1665 500 1718 s&
516 1663 580 1718 vinti
590 1659 678 1727 gautlet
689 1663 785 1712 abillo.

229 1739 276 1790 llic
286 1741 327 1790 sua
339 1739 445 1805 preferri
456 1756 604 1806 quamquam
618 1755 683 1792 vemt
691 1743 740 1789 alsa
748 1743 850 1806 paternis
861 1758 868 1800 i

228 1818 314 1870 libera
330 1819 396 1868 fama
408 1833 503 1874 tamen,
517 1819 638 1885 nullisque
649 1820 753 1868 obnoxia
763 1812 849 1884 jussis}

227 1897 334 1946 invirum
347 1897 461 1964 praefert,
473 1896 567 1963 ursique
578 1901 603 1946 irs
616 1912 683 1962 parte
693 1895 824 1962 repugnat.v

179 1967 267 2034 ⁸55le
279 1978 360 2040 magni
371 1973 436 2026 cedit
448 1975 524 2024 titulis
535 1974 721 2038 Agamemnonis
731 1976 818 2022 Atreus
829 1991 837 2036 3

228 2053 304 2118 ll'gea
316 2057 349 2102 sic
359 2053 478 2113 Theseus,
490 2055 523 2102 sic
535 2052 605 2102 Pelea
616 2057 692 2103 vincit
702 2052 815 2102 Achilles.

226 2130 355 2197 Denique,
365 2145 391 2179 ut
402 2130 515 2196 exemplis
525 2132 588 2195 ipsos
595 2131 741 2195 aequantibus
749 2144 812 2188 utar,

226 2210 265 2258 sic
286 2213 310 2259 &
328 2210 442 2258 Saturnus
453 2211 534 2256 minor
544 2209 577 2256 est
589 2207 657 2256 Jove.
671 2208 777 2272 luppiter
791 2221 853 2254 artes

227 2287 357 2354 Temperat
369 2289 492 2341 aetherias,
505 2289 530 2334 &
539 2283 625 2334 mundi
636 2301 708 2349 regua
720 2284 832 2333 triformis
843 2299 851 2340 3

169 2355 300 2416 ⁸860Terra
312 2366 355 2414 sub
369 2364 484 2430 Augusto.
493 2363 561 2412 Pater
569 2362 602 2410 est
613 2366 637 2412 δι
650 2365 725 2411 testor
738 2376 843 2426 uterque.

225 2441 277 2499 Di,
293 2457 395 2506 pretor,
412 2439 492 2498 risse
504 2443 619 2500 comites,
633 2439 718 2506 quibus
729 2441 787 2488 ensis
800 2441 824 2486 &
838 2437 897 2501 ignis

227 2517 373 2578 Cesserunt,
390 2515 472 2596 Dique
483 2515 616 2582 indigetes,
631 2521 788 2582 genitorque,
801 2515 915 2575 Quirine,

226 2599 312 2658 Urbis,
325 2601 350 2646 δι
360 2597 442 2646 ἰιινίθιί
453 2598 548 2659 genitor
560 2629 568 2654 ,
580 2593 701 2654 Gradive,
714 2593 825 2652 Quirini,

226 2676 343 2742 Vestaque
354 2673 474 2725 carneos
489 2675 552 2722 inrer
562 2674 650 2721 sacrata
660 2672 757 2720 Penates
767 2687 774 2728 3

177 2737 256 2802 865Et
270 2771 326 2808 curn
338 2752 497 2810 Caesaream,
513 2751 602 2799 Phoebe
613 2747 740 2800 domestice
751 2783 760 2809 ‚
773 2747 858 2804 Vesti,

226 2831 322 2897 Quique
333 2846 397 2880 tenes
409 2830 470 2879 altus
482 2829 614 2893 Tarpeias,
625 2829 749 2892 luppiter,
763 2844 827 2876 arces
838 2861 848 2888 ,

226 2907 340 2974 Quosque
355 2909 415 2958 alios
425 2908 473 2958 vati
485 2905 520 2956 fas
531 2907 648 2972 appellare
658 2909 791 2972 piumque,
