2036 3714
123 307 567 387 'Miriuosraomon
585 317 624 388 L.
644 319 708 387 IX.
739 339 808 412 ¹97

79 429 169 486 Induit
184 431 227 486 ille
238 441 296 488 toris
307 456 320 488 a
330 438 388 490 laeua
399 455 465 505 parte
476 439 596 501 lacertos,

78 513 271 582 Admiffumque
283 519 375 566 trahens
394 519 499 584 sequitur
512 538 518 568 a
530 517 690 585 deprensaque
700 518 759 568 duri

79 589 187 642 Cornua
199 592 252 658 figit
264 596 355 654 humo,
367 608 454 661 meque
466 593 515 644 alti
528 596 609 646 sternit
618 597 697 647 mena.

79 667 137 718 Nec
147 672 204 720 satis
223 670 249 720 id
260 671 336 722 fuerat
348 691 354 720 :
366 671 473 738 rigidum
484 673 534 724 fera
548 672 643 724 dextera
658 689 732 724 cornu
823 683 849 744 ες

78 743 152 796 Dum
172 763 253 809 tenet,
271 749 386 815 infregi13
406 749 537 817 truncique
548 768 561 800 a
571 751 650 802 fronte
661 753 763 802 revellit.

78 822 175 874 Naides
192 827 255 886 hoc,
274 831 353 892 pomis
367 833 391 878 δι
410 827 488 879 odoro
499 829 558 880 flore
570 831 704 896 repletum,

79 903 212 954 sacrarunt
224 923 232 964 ς
248 903 361 973 divesque
376 923 432 956 meo
443 909 507 958 bona
519 907 598 973 Copia
610 923 685 958 cornu
699 908 739 957 eli.

113 982 230 1032 Dixerat:
241 999 266 1032 at
277 983 391 1050 Nymphe
403 1020 411 1045 ,
430 989 477 1034 ritu
496 987 613 1036 succintia
626 987 726 1046 Diana,

78 1059 139 1110 Una
152 1061 312 1110 ministrarum
326 1097 334 1121 ,
350 1062 407 1111 fusis
419 1067 538 1129 utrimque
549 1063 659 1128 capillis,
820 1085 851 1126 ςο

79 1139 183 1188 incessit
191 1173 200 1200 ,
220 1153 346 1206 totumque
358 1139 414 1189 tulit
424 1139 548 1205 praedivite
563 1157 638 1198 cornu
708 1171 712 1180 »

78 1221 251 1281 Autumnum,
268 1223 293 1268 δι
310 1221 418 1279 mensas,
438 1219 518 1270 felicia
527 1235 615 1285 poma,
631 1218 753 1270 secundas.

78 1301 133 1350 Lux
150 1302 214 1349 subit
225 1318 231 1347 ε
241 1303 266 1348 &
276 1331 284 1354 ‚
302 1303 381 1364 primo
399 1297 499 1348 feriente
510 1301 634 1348 cacumina
645 1299 717 1354 Sole,

76 1374 215 1425 Discedunt
226 1381 338 1442 juvenes:
349 1391 427 1442 neque
442 1379 506 1424 enim
518 1374 577 1425 dum
588 1375 687 1425 flumina
697 1393 780 1441 pacem

76 1451 111 1501 Et
131 1450 241 1517 placidos
259 1451 362 1500 habeant
383 1450 477 1516 lapsus,
494 1466 614 1518 motaque
630 1451 750 1515 residant,
817 1471 845 1519 95

78 1531 261 1596 opperiuntur,
278 1545 344 1595 aquae
357 1529 453 1578 :vultus
464 1531 584 1580 Achelous
599 1530 718 1596 agrestes,

77 1609 110 1658 Et
128 1609 234 1658 lacerum
251 1624 326 1657 cornu
337 1605 421 1656 mediis
435 1624 506 1672 caput
517 1606 611 1660 abdidit
622 1607 699 1659 undis.

78 1684 152 1736 Hune
168 1701 249 1735 tamen
260 1683 334 1733 ablati
345 1681 440 1732 domuit
449 1687 538 1749 jaiiura
549 1683 641 1736 decoris
651 1719 659 1747 ,

78 1763 169 1815 Cetera
188 1767 267 1830 sospes
288 1779 338 1814 erat
349 1783 355 1813 :
368 1767 450 1830 capitis
462 1781 558 1830 quoque
570 1799 579 1826 ,
591 1765 677 1816 fronde
689 1765 797 1833 saligni,

77 1843 126 1892 Aut
137 1845 207 1910 super
225 1833 341 1909 'impositi
351 1842 442 1894 celauit
452 1840 584 1904 arundine,
598 1842 723 1896 damnum.
800 1855 845 1890 too

108 2003 142 2054 Ae
154 2019 191 2066 te,
214 2002 285 2056 Neil'e
301 2005 385 2064 ferox,
403 2001 511 2070 ejusdem
520 2004 619 2069 virginis
630 2001 701 2053 ardor

75 2082 231 2144 Perdiderat,
241 2084 334 2134 volucri
350 2084 474 2147 trajeiium
486 2096 551 2146 terga
562 2080 657 2146 sagitti.

74 2161 206 2228 Namque,
224 2161 289 2211 novi
301 2177 408 2227 repetens
414 2163 504 2226 patrios
516 2175 573 2210 curu
583 2163 686 2226 conjuge
695 2176 795 2220 murus,

74 2240 181 2289 Venerat
198 2240 273 2289 Eueni
284 2238 378 2304 rapidas
386 2240 398 2288 J
400 2255 445 2289 ove
456 2253 525 2288 natus
535 2237 566 2288 ad
577 2235 661 2288 undas.

75 2319 178 2368 Uberius
195 2319 268 2368 solito
280 2319 369 2367 nimbis
383 2316 523 2366 hiemalibus
534 2319 629 2372 aubius,
801 2329 843 2378 ¹05

74 2397 264 2463 vorticibusque
275 2396 385 2462 frequens
396 2411 459 2455 erat,
472 2411 543 2461 atque
554 2396 698 2460 impervius,
710 2398 794 2444 amnis.

73 2473 226 2540 intrepidum
245 2491 289 2540 pro
300 2475 339 2532 se,
354 2491 436 2522 curam
450 2471 481 2522 de
492 2477 594 2538 conjuge
605 2489 715 2538 agentern
727 2508 735 2533 ,

75 2551 161 2602 Nessus
171 2551 240 2612 adit,
255 2552 416 2616 membrisque
426 2550 506 2601 valens
518 2585 526 2608 ,
537 2553 654 2617 scitusque
661 2549 794 2602 vadorum:

75 2629 212 2698 Officioque
227 2647 283 2680 meo
302 2629 353 2695 sipi
365 2629 456 2678 sistetur
465 2632 490 2678 in
499 2628 542 2677 illa
665 2687 669 2698 .

74 2709 147 2764 liae,
167 2712 219 2769 ait,
240 2705 324 2757 Alcide
336 2727 341 2756 ε
355 2723 380 2757 tu
395 2709 485 2757 viribus
495 2723 561 2755 utere
572 2704 663 2754 nando.
798 2719 843 2752 rra

74 2789 342 2853 Pallentemquemetu‚
354 2785 515 2852 fluviumque,
525 2784 791 2848 ipsumquetimenteni,

74 2864 185 2916 Tradidit
200 2867 291 2914 Aonius
303 2861 414 2930 pavidam
429 2859 585 2924 Calydonida
594 2856 678 2909 Neil'o.

74 2945 152 3003 Mox,
173 2959 201 2993 ut
217 2957 282 2999 erat,
294 2941 450 3006 pharetrique
462 2943 554 3004 gravis,
566 2937 691 3004 spolioque
701 2938 792 2999 leonis,

74 3023 137 3090 iiam
153 3022 286 3073 clavam&
301 3035 386 3074 curvos
398 3033 461 3070 trans
476 3021 553 3084 ripam
569 3019 759 3075 miseraturus,

645 3094 656 3144 l
674 3095 700 3158 iil

916 1817 928 1866 ἕ
