2078 3708
267 241 330 306 118
406 233 451 307 P.
474 237 630 306 Orrorr
650 237 845 308 NAsours

262 357 436 428 Maemhosque
445 365 522 422 sinus,
534 361 688 428 gelidumque
699 363 859 412 Erirnanthon
872 365 897 411 &
909 361 976 421 Elin,

225 469 228 476 »
263 439 366 490 Currere
378 441 474 490 sustinui
486 459 492 489 ε
503 457 547 490 nec
563 458 603 490 me
613 441 719 492 velocior
729 441 781 492 ille.

215 516 310 568 croied
322 519 422 570 tolerare
433 518 474 568 diu
483 521 563 568 cursus
574 536 635 585 ego,
649 520 738 569 viribus
752 523 848 586 impar,

266 597 322 646 Non
337 613 445 662 poteram
456 597 539 664 :longi
555 601 646 663 patiens
657 613 706 648 erat
716 597 757 648 ille
772 598 873 647 laboris.

265 676 308 724 Per
327 691 407 726 tamen
417 680 442 726 &
457 692 565 742 campos,
582 693 623 741 per
635 691 731 744 opertos
742 677 827 726 arbore
836 689 948 734 montes,

265 755 324 804 Saxa
341 760 472 822 quoque&
483 772 568 821 rupes,
580 759 605 806 δι
617 755 666 821 qul
675 759 714 805 via
724 754 810 815 nulla,
828 757 933 804 cucurri.
1018 749 1019 754 ’

265 832 307 882 Sol
322 847 371 883 erat
388 849 402 882 a
417 831 483 898 tergo
496 853 502 882 ε
513 831 565 883 vidi
579 832 710 900 precedere
723 833 824 897 longam

216 911 327 968 etrhnte
343 908 414 976 pedes
430 913 556 970 umbram,
570 915 615 962 nisi
633 915 652 961 si
669 914 742 962 rimor
756 909 919 962 illavidebat.

266 986 311 1038 Sed
321 986 383 1038 certi
393 989 518 1056 sonituque
527 987 616 1056 pedum
627 991 746 1052 terrebar,
759 995 784 1040 δι
795 993 882 1056 ingens

233 1075 235 1080 ’
265 1066 374 1116 Crinales
384 1071 455 1118 vittas
465 1068 560 1118 afflabat
570 1069 688 1118 anhelitus
701 1073 758 1120 oris.

266 1141 333 1195 Fessa
339 1146 420 1196 labore
427 1145 504 1212 fugae,
517 1148 560 1196 Fet
569 1164 656 1212 opem,
669 1145 856 1212 deprendimur‚
868 1147 974 1214 inquam,

266 1224 412 1290 Armiger2‚
427 1223 567 1288 Dictynna,
581 1240 627 1275 tue
640 1244 646 1276 ε
658 1229 697 1275 eui
708 1227 766 1291 saepe
777 1223 866 1275 dedisti

219 1303 336 1351 snoFerre
349 1317 402 1352 tuos
418 1319 502 1362 arcus,
519 1303 656 1370 inclusaque
669 1304 716 1354 tela
730 1303 851 1370 pharetri.

267 1379 338 1429 Mota
347 1379 400 1430 Dea
409 1380 458 1438 tst3
471 1383 596 1447 spissisque
610 1382 686 1432 serens
698 1400 710 1432 e
721 1383 823 1432 nubibus
835 1397 913 1434 unam

267 1458 309 1507 Me
323 1460 391 1524 super
407 1462 498 1524 injecit,
515 1460 609 1510 Lulirat
619 1461 721 1526 callgine
732 1463 817 1512 tetiam

268 1536 370 1598 Amnis,
386 1541 411 1586 &
428 1539 524 1602 ignarus
534 1540 625 1588 circum
635 1555 693 1590 cava
708 1539 792 1588 nubila
800 1541 900 1606 quaerit.

268 1613 353 1679 Bisque
368 1615 450 1664 locum
459 1649 468 1670 ,
481 1633 530 1682 quo
541 1633 580 1666 me
590 1616 643 1667 Dea
653 1633 756 1678 texerat,
770 1619 859 1668 inscius
869 1618 944 1667 ambit
954 1634 961 1676 3

220 1691 299 1746 ‘25Et
315 1693 351 1742 bis
363 1725 371 1753 ‚
382 1693 409 1742 lo
419 1693 549 1750 Arethusa,
562 1695 590 1744 lo
601 1696 731 1758 Arethusa,
745 1700 852 1748 vocavit.

268 1769 334 1832 Quid
339 1773 399 1822 mihi
404 1785 460 1822 tunc
471 1774 545 1822 animi
557 1773 698 1824 miseraesuit
706 1778 714 1825 i
722 1791 782 1826 anne
790 1772 859 1842 quod
866 1791 932 1840 agne
939 1774 973 1835 eli,

268 1851 292 1898 Si
308 1865 354 1914 qua
363 1849 431 1914 lupos
442 1847 510 1902 audit
518 1853 609 1902 circum
620 1853 709 1902 stabula
719 1853 767 1903 alta
778 1853 908 1904 frementes
918 1857 926 1903 i

268 1927 316 1977 Aut
334 1927 426 1994 lepori,
438 1931 480 1996 qui
488 1946 560 1996 vepre
574 1930 648 1981 latens
659 1931 753 1981 hostilia
764 1933 842 1982 cernit

269 2006 319 2058 Ota
335 2023 435 2068 canum,
451 2008 578 2075 nullosque
588 2007 660 2059 audet
675 2007 731 2060 dare
742 2026 843 2076 corpore
855 2014 948 2060 motus!

219 2084 327 2135 ⁶50N0n
345 2100 425 2134 tamen
435 2085 554 2136 abscedit:
564 2101 641 2152 neque
651 2091 715 2136 enim
725 2090 823 2154 vestigia
834 2091 910 2138 cernit

269 2161 374 2229 longius
395 2163 445 2212 ulla
457 2163 562 2229 pedum:
576 2166 651 2215 servat
661 2168 797 2233 nubemque
809 2165 949 2234 locumque.

268 2242 378 2306 Occupat
392 2239 497 2292 obsessos
513 2241 586 2292 sudor
601 2246 662 2294 mihi
676 2243 777 2310 frigidus
791 2260 875 2306 artus,
907 2255 911 2260 '

268 2319 429 2386 Caeruleaeque
443 2318 532 2370 cadunt
548 2336 601 2371 roro
612 2319 642 2371 de
652 2339 752 2388 corpore
762 2339 846 2389 gutrae.

269 2397 371 2465 Quique
390 2396 474 2464 pedem
484 2402 551 2450 movi
562 2434 571 2460 ,
584 2416 666 2451 manat
681 2400 745 2452 lacus
757 2420 765 2461 3
777 2419 838 2469 eque
849 2401 940 2468 capillis

220 2479 317 2535 stilles
326 2475 389 2526 cadit
401 2477 407 2526 ὲ
420 2481 445 2526 &
459 2477 545 2538 ciricis,
555 2477 629 2544 quim
640 2481 758 2530 nunc'tibi
767 2479 827 2530 fasta
837 2496 948 2539 renarro,

270 2555 297 2602 ln
312 2554 407 2604 laticem
417 2570 499 2606 mutor
510 2575 516 2604 ι
529 2555 570 2605 sed
582 2561 646 2606 enirn
660 2560 784 2623 cognoscit
794 2574 886 2609 amatas

268 2634 351 2684 rlmnis
372 2649 460 2700 aquas,
477 2637 603 2700 positoque
613 2638 674 2691 viri,
684 2635 751 2703 quod
763 2633 893 2697 sumserat,
911 2654 961 2698 ore,

269 2711 375 2762 Vertitur
392 2714 418 2760 in
428 2715 549 2778 proprias.
568 2728 595 2762 ut
607 2713 630 2762 se
645 2717 705 2764 mihi
719 2717 830 2776 miscear,
849 2715 933 2766 undas.

270 2789 340 2838 Delia
352 2793 443 2855 rumpit
457 2793 558 2841 humum
570 2810 577 2840 t
589 2795 655 2842 caecls
666 2809 711 2858 ego
723 2796 798 2843 mersa
810 2799 917 2844 cavernis

221 2865 381 2926 e40ldvehor
396 2869 522 2935 Ortygiam
532 2889 537 2919 r
547 2887 599 2938 qu:
611 2889 665 2932 me,
677 2873 821 2936 cognomine
832 2871 900 2924 Divae

271 2947 344 2996 Grata
359 2963 418 2998 meae
431 2949 524 3015 superat
538 2947 620 3010 eduxit
630 2953 708 3017 prima
717 2952 759 3000 sub
772 2967 847 3002 auras.
