2078 3708
277 275 342 320 122
421 250 463 318 P.
482 250 842 318 OurnrrNAsonrs

226 383 258 421 σο
274 373 372 422 Brachia
382 369 452 421 dona
462 383 578 429 movent,
591 366 669 418 studio
681 369 779 418 saliente
789 368 907 420 laborem.

272 452 326 502 Illic
341 454 365 500 δι
378 451 481 514 Tyrium
492 463 545 514 quae
559 464 661 514 purpura
674 447 745 496 sensit
760 453 846 496 a'e'num

272 529 392 588 Texitur,
411 530 436 576 δι
449 542 528 576 tenues
540 528 606 591 parvi
616 523 759 575 discriminis
770 527 860 576 umbrae
873 545 880 574 a

225 659 227 664 ,
272 605 355 666 Qualis
372 606 401 654 ab
413 605 489 654 imbre
503 603 564 654 solet
574 600 693 669 percussus
707 604 797 656 solibus
807 620 875 653 arcus

270 683 369 734 inficere
378 685 470 749 ingenti
480 683 580 748 longum
591 685 727 731 curvamine
741 682 830 732 eoelum
842 699 850 741 ς

222 763 236 799 ⁴
242 769 250 813 5
271 761 298 810 In
309 779 358 828 quo
370 759 457 812 diversi
467 763 558 812 niteant
568 759 623 808 crim
634 759 702 809 mille
713 760 823 820 colores,

269 841 392 890 Transitus
403 842 452 904 ipse
462 856 542 890 tamen
552 841 679 907 spedantia
693 839 785 890 lumim
795 839 860 890 fallit
869 859 878 899 3

268 917 349 984 Usque
355 916 415 968 adeo
421 914 488 984 quod
496 919 572 982 tangit
578 914 643 966 idem
651 917 696 966 est!
708 931 787 966 tamen
794 917 882 968 ultima
889 917 973 969 distant.

267 997 321 1046 Illic
333 1001 357 1047 δι
371 997 463 1046 lentum
474 995 520 1046 filis
530 998 671 1046 immittitur
684 1012 787 1056 aurum,

266 1075 298 1126 Er
311 1089 377 1128 vetur
392 1079 418 1126 in
432 1075 480 1126 tela
494 1071 621 1124 deducitur
631 1089 807 1139 argumentum.

218 1241 250 1284 70
294 1217 418 1288 ‘Cecropii
430 1220 506 1272 Pallas
516 1220 641 1286 scopulum
653 1220 771 1272 Mavortis
781 1223 807 1270 in
818 1239 873 1272 arce

265 1300 360 1365 Pingit,
372 1305 397 1350 dt
409 1303 533 1366 antiquam
545 1297 575 1348 de
585 1315 651 1348 terrae
661 1301 759 1348 nomine
771 1299 851 1348 litem.

264 1379 303 1428 Bis
313 1381 352 1428 sex
365 1377 498 1437 Coelestes,
512 1375 594 1426 medio
605 1377 681 1436 Jove,
693 1375 785 1427 sedibus
797 1378 853 1426 altis

263 1455 368 1521 Augusti
377 1459 492 1522 gravitate
502 1452 585 1504 sedent
596 1473 602 1504 ε
615 1456 655 1504 sua
665 1471 783 1520 quemque
795 1455 907 1505 Deorum

264 1535 373 1584 Inscribit
387 1534 466 1583 facies.
477 1533 542 1582 Jovis
552 1532 585 1582 est
596 1532 680 1598 regalis
691 1535 779 1596 imago.

215 1627 243 1676 75
264 1615 328 1662 Stare
342 1611 421 1660 Deum
434 1611 531 1676 pelagi,
547 1609 669 1676 longoque
685 1610 754 1660 ferire
766 1599 871 1660 tridente

263 1691 349 1755 Aspera
360 1691 414 1740 saxa
425 1689 502 1748 facit,
518 1686 648 1754 medioque
659 1706 671 1737 e
681 1688 778 1738 vulnere
791 1690 839 1737 saxi

261 1765 385 1818 Exsiluiss'e
396 1767 473 1816 ferum
483 1783 490 1826 3
502 1783 551 1832 quo
562 1769 661 1831 pignore
672 1764 778 1816 vindicet
789 1768 885 1815 urbem.

261 1847 293 1895 Ar
304 1847 349 1894 sibi
359 1843 401 1896 dat
410 1844 539 1910 clypeum,
555 1841 597 1895 dar
610 1860 684 1894 acutae
696 1842 798 1908 cuspidis
809 1845 902 1894 hastam
913 1865 920 1894 ι

261 1923 311 1973 Dat
321 1923 414 1988 galeam
424 1926 497 1988 capiti
507 1941 513 1970 t
526 1919 663 1976 defenditur
673 1919 748 1991 aegide
761 1925 851 1987 pestus.

213 2002 244 2049 80
261 1999 442 2068 Percuffamque
451 1999 492 2050 sui
505 2000 601 2048 simulat
612 1997 642 2048 de
653 1997 748 2064 cuspide
759 2014 848 2052 terram

260 2078 363 2128 Prodere
374 2097 430 2128 cum
440 2080 517 2142 baccis
529 2077 604 2126 fetum
617 2079 722 2128 canentis
734 2077 822 2139 olive,

259 2156 391 2222 Mirarique
401 2157 475 2208 Deos.
486 2157 559 2220 Operi
568 2157 666 2206 vidoria
676 2154 739 2206 finis.

259 2233 294 2284 Ut
305 2247 386 2284 tamen
396 2233 509 2298 exemplis
520 2234 640 2298 intelligat
651 2235 737 2285 aemula
749 2234 846 2297 laudis,

259 2310 333 2372 Quod
345 2315 449 2378 pretium
462 2314 538 2378 speret
552 2329 594 2375 pro
609 2327 658 2362 tam
671 2312 794 2363 furialibus
805 2319 869 2366 ausis
881 2335 892 2374 5

211 2377 238 2440 ⁸5
259 2389 379 2450 Quattuor
388 2394 414 2439 in
424 2405 500 2455 partes
511 2393 641 2440 certamina
651 2407 765 2456 quattuor
777 2391 862 2451 addit,
893 2439 896 2446 ,

258 2467 331 2517 Clara
341 2467 422 2516 colore
433 2469 493 2522 suo.
505 2469 613 2516 brevibus
624 2466 730 2518 disiinsia
742 2470 836 2534 sigiliis.

258 2545 396 2594 Threiciam
407 2544 540 2610 Rhodopen
552 2547 623 2596 habet
634 2547 733 2612 angulus
744 2565 804 2600 unus
815 2554 841 2598 δι
854 2551 978 2612 Haemon5

257 2624 329 2672 Nunc
340 2621 432 2688 gelidos
442 2639 552 2680 montes,
563 2624 675 2674 mortalia
686 2642 786 2690 corpora
797 2629 928 2692 quondam
941 2649 948 2689 3

258 2701 365 2751 Nomina
374 2703 524 2752 summorum
535 2703 579 2751 sibi
590 2704 632 2768 qui
645 2703 746 2754 tribuere
758 2705 881 2761 Deorum.

209 2876 241 2918 90
288 2859 369 2910 Altera
384 2861 500 2925 Pygmaeae
515 2861 592 2912 satum
607 2839 740 2912 miserabile
751 2868 836 2916 matris

257 2939 311 2989 Pars
322 2939 409 2988 habet:
423 2941 485 2990 hane
494 2939 556 2990 iuno
567 2942 654 2992 vidam
664 2945 793 2994 certamine
802 2946 876 3010 jussit
