1980 3714
254 269 321 338 354
398 243 812 314 P.Ov1n11NAsonrs

205 375 208 382 '
223 369 251 421 ⁶5
287 370 336 418 Aut
345 367 387 417 sua
397 364 512 416 fluminei
524 363 579 413 erim
590 360 652 414 vidit
665 359 740 426 Cipus
750 361 775 408 in
784 354 841 408 unde

250 444 367 506 Cornua,
388 441 451 496 vidit
468 445 549 502 enim,
564 441 731 506 falsamquein
747 440 842 502 imagine
853 431 921 484 creden

250 521 304 572 Elle
315 521 388 574 fidem
402 555 411 582 ,
432 520 515 586 digitis
525 517 556 568 ad
568 519 675 568 frontem
686 518 745 581 sepe
755 513 844 572 relatis,

252 601 311 662 Qua
326 598 405 655 vidit,
425 601 519 664 tetigit:
530 613 573 646 nec
582 600 632 662 jam
641 597 682 644 sua
692 593 782 643 lumina
799 589 892 640 dannan

253 679 346 728 Restitit
356 711 364 737 ‚
383 693 410 727 ut
419 679 494 728 vidior
504 673 601 724 domito
609 673 728 722 remeabat
739 673 768 720 ab
778 669 846 718 holle.

204 755 289 814 57ald
306 756 443 823 coelurnque
458 753 556 816 oeulos,
568 756 593 803 dt
606 749 693 801 eisdem
704 751 797 800 brachia
805 743 893 804 tollens.

252 832 387 901 Quicquid,
401 837 456 894 ait,
473 834 570 897 Superi,
593 830 701 880 monstro
711 824 852 894 portenditur
860 823 907 880 illo,

251 915 295 962 Seu
306 913 387 962 latum
398 912 447 972 est,
465 912 547 960 Patria
559 909 641 960 laetunr
654 907 792 974 populoque
803 902 896 962 Quiritis

250 991 304 1039 Sive
321 993 421 1044 minax,
439 991 500 1039 inihi
517 990 557 1038 sit.
568 984 695 1051 viridique
707 985 814 1048 ecespite
826 980 884 1034 fellu

251 1068 332 1117 Placat
351 1065 460 1118 odoratis
472 1067 582 1116 herbosas
600 1065 694 1130 ignibus
711 1079 776 1120 stass

204 1146 360 1212 575Vinaque
369 1143 412 1196 dat
424 1147 510 1210 pateris
518 1163 525 1193 s
534 1146 738 1207 madatarumqoe
748 1137 877 1194 bidentim,

251 1220 317 1283 Quid
327 1224 371 1272 sibi
382 1222 532 1290 significent,
545 1219 688 1287 trepidantia
698 1219 801 1270 consulit
811 1231 864 1266 erte.

251 1301 310 1362 Qua
319 1303 390 1351 simul
404 1303 505 1367 inspexit
514 1301 643 1363 Tyrrhenae
656 1301 735 1365 gentis
742 1297 865 1360 haruspex,

251 1379 341 1444 Magna
351 1379 449 1446 quidem
459 1397 539 1428 rerum
551 1378 682 1428 molimina
691 1375 756 1427 vidit
766 1379 791 1425 in
802 1373 860 1429 illis,

251 1455 307 1505 Non
318 1459 442 1508 mnufesta
456 1473 545 1508 tameo.
559 1455 624 1508 cum
634 1455 692 1505 vero
708 1455 801 1504 sustulit
816 1466 861 1500 aere

204 1530 270 1592 5803
287 1534 383 1600 pecudis
399 1535 465 1584 fibris
475 1535 506 1586 ad
515 1535 572 1601 Cipi
587 1551 676 1586 cornua
685 1535 784 1592 lumens

251 1613 319 1666 Rex·
336 1613 385 1672 alt,
404 1611 437 1663 ὁὶ
456 1613 520 1663 salve
532 1633 538 1662 e
552 1614 596 1663 tibi
607 1615 688 1672 enim,
705 1615 768 1671 tibi,
787 1609 856 1674 Cipe,
865 1607 925 1670 nilque

252 1689 296 1738 Hic
307 1689 373 1738 loeus
391 1693 416 1738 δι
434 1691 507 1740 Latiae
519 1693 636 1756 parebunt
646 1693 761 1740 cornibus
771 1705 840 1738 arces.

252 1767 290 1814 Tu
308 1765 384 1816 modo
400 1783 485 1832 rumpe
496 1784 609 1828 moram,
622 1783 751 1833 portasque
761 1770 842 1816 intrare
851 1773 922 1826 parents

253 1846 397 1909 Appropera.
407 1849 443 1894 Sic
455 1846 503 1896 fata
514 1847 598 1910 jubent
608 1863 614 1893 t
629 1862 735 1910 namque
747 1844 810 1892 Urbe
820 1852 903 1903 receptus

208 1911 303 1970 isstllex
318 1925 382 1982 etis,
402 1927 425 1971 δι
440 1925 532 1990 sceptro
542 1939 607 1973 tutus
620 1926 711 1989 potiere
722 1923 826 1988 perenni.

252 1999 344 2048 Retulit
358 2000 400 2049 ille
414 2000 513 2064 pedem:
527 2017 669 2068 torvamque
679 2017 693 2050 a
703 2001 822 2050 mrsuibus
831 1996 888 2046 Urbis
953 2005 954 2022 ¹

251 2078 364 2126 Avertens
380 2078 484 2138 faciem,
498 2079 602 2138 Procul,
617 2079 662 2128 ahl
676 2079 763 2144 procul
773 2081 848 2126 omina
855 2109 862 2134 ,
871 2072 921 2130 diui,

252 2153 321 2201 Talia
334 2154 367 2201 Di
378 2155 484 2218 pellant:
496 2155 622 2222 multoque
632 2172 677 2221 ego
689 2159 771 2222 jullius
782 2171 853 2206 aevum

254 2229 322 2278 Exsul
337 2247 405 2296 agam
418 2267 426 2292 ‚
439 2233 513 2300 qualm
523 2251 562 2284 me
577 2232 675 2284 videant
691 2235 814 2300 Capitolio
825 2247 896 2298 tegern·

204 2307 213 2354 5
220 2306 318 2357 90Dixit
329 2329 334 2356 :
345 2311 369 2360 dt
382 2311 502 2375 extemplo
512 2312 676 2378 populumque
685 2328 828 2378 gravemque
836 2313 919 2360 Seuerum

250 2385 384 2438 Convocat
405 2390 465 2440 Ante
479 2405 559 2440 tamen
570 2391 645 2456 pacali
658 2407 750 2440 cornua
761 2389 826 2440 lauro

250 2463 321 2513 Velat
334 2484 340 2512 e
353 2469 512 2532 &aggeribus
527 2467 593 2519 fanis
604 2485 617 2518 a
627 2469 705 2518 milite
719 2469 780 2518 forti

250 2541 349 2591 Insistit:
360 2545 485 2612 priscoque
499 2545 563 2595 Deos
580 2564 592 2596 e
605 2564 673 2596 more
682 2563 804 2612 precatus,

249 2619 286 2668 En
299 2655 307 2679 ‚
328 2623 361 2670 ait
373 2655 382 2680 ,
396 2621 435 2672 hic
449 2639 525 2683 unus,
541 2641 668 2692 querneus
679 2629 704 2674 ni
715 2626 805 2690 pellitis
815 2623 879 2682 urbe,

204 2696 246 2744 l9l
254 2700 300 2746 Rex
318 2701 363 2748 erit
376 2719 381 2747 e
393 2703 462 2768 isqui
473 2704 521 2761 sie,
536 2705 605 2767 signo
615 2738 623 2762 ,
635 2719 684 2752 non
694 2707 808 2758 nomine.
819 2699 892 2752 dicam·

251 2774 350 2825 Cornua
365 2776 445 2828 fronte
456 2781 533 2845 gerit:
546 2797 618 2847 quem
632 2783 700 2830 vobis
716 2780 806 2830 indicet
820 2793 895 2843 augur,

250 2855 274 2902 Si
292 2854 395 2904 Romam
405 2857 516 2912 intririt.
534 2858 659 2909 famularia
672 2863 723 2924 jura
734 2857 849 2908 daturum.

250 2929 294 2982 llle
304 2928 401 3000 quidem
412 2937 491 3000 potuit
502 2950 582 3002 portas
594 2939 724 3005 irrumpere
736 2951 841 3006 apertast
