2078 3708
223 203 290 265 106
362 196 404 265 P.
429 199 585 268 Ovrnrr
607 203 802 268 NAsottrs

217 319 297 368 Poscit
306 335 379 384 opem
389 337 396 368 .·
408 317 552 388 credensque
559 339 658 388 parum,
669 324 714 372 sibi
722 323 831 388 proxima
843 316 943 380 tangit·
956 378 958 384 s

218 395 346 462 Corporar
357 413 544 449 marmoterant.
554 403 689 459 Avertitur3
701 415 772 466 atque
787 402 823 448 ita
834 395 960 460 supplex

170 472 393 542 215Consess'asque
404 491 505 536 manus,
520 476 665 543 obliquaque
679 477 774 526 brachia
784 471 894 524 tendens
909 505 921 530 ,

217 553 317 609 Vincis,
329 556 381 614 ait,
393 554 477 622 Persen
489 571 497 602 .·
509 571 605 605 remove
616 555 666 606 fera
675 555 797 614 monstra,
817 567 930 617 tuaeque

217 629 332 681 Sartificos
343 632 441 692 vultus,
457 647 613 700 quecumque
625 649 670 694 ea,
684 633 743 682 tolle
754 629 878 682 Medusae.

162 720 164 726 ·
217 708 310 764 Tolle,
328 725 412 774 precor
424 727 432 758 .·
444 725 494 759 nun
505 727 549 760 uos
560 708 662 768 odium,
679 713 774 774 regnive
788 705 888 772 cupido

219 785 351 854 Compulit
365 786 395 837 ad
406 786 497 836 bellum
509 804 517 835 .’
529 803 573 852 pro
583 791 685 854 conjuge
696 789 815 836 movimus
828 799 922 834 arma.

171 863 297 914 uocanta
309 863 355 912 fnit
366 867 457 914 metitis
468 864 554 914 melior
566 880 625 925 tua,
645 879 750 930 tempore
762 863 851 912 nostra.

219 943 277 993 Non
287 941 379 993 cessilfe
389 947 463 1009 piget.
476 943 562 1003 Nihil,
574 942 609 992 b!
628 943 773 1002 fortissime,
785 957 878 1007 praeter

217 1019 286 1068 Hanc
295 1022 401 1070 unimam
413 1017 517 1070 concede
527 1021 587 1068 mihi
600 1037 608 1071 r
621 1034 662 1070 tua
672 1035 750 1070 cetera
762 1021 843 1070 sunto.

217 1095 288 1149 Talia
298 1097 388 1148 dicenti
399 1133 408 1154 ‚
425 1114 502 1164 neque
512 1113 586 1160 eum,
600 1115 673 1164 quern
683 1116 743 1149 voce
753 1099 853 1164 rogabat
863 1133 874 1158 ,

218 1177 342 1242 Respicere
352 1176 469 1236 audenti,
485 1175 559 1236 Quod
571 1211 579 1234 ,
594 1181 645 1232 air,
664 1175 815 1227 timidissime
827 1178 953 1232 Phineu,

169 1267 212 1309 αις
220 1255 251 1302 Et
260 1251 355 1319 polium
366 1252 487 1310 tribuisse,
505 1259 529 1304 bc
540 1271 654 1321 magnum
666 1271 751 1305 munus
761 1257 831 1304 inerti
842 1256 878 1304 est
890 1291 901 1316 ,

219 1334 285 1382 Pone
296 1347 407 1393 metum,
424 1334 527 1382 tribuam
539 1350 547 1380 .·
559 1332 629 1382 nullo
642 1332 761 1384 violabere
772 1333 846 1382 ferto.
899 1391 903 1400 ¹

218 1409 285 1471 Quin
296 1413 369 1458 etiarn
379 1411 489 1458 mansura
500 1407 563 1460 dabo
574 1426 730 1461 monumenta
741 1428 782 1476 per
793 1427 873 1462 aevum
889 1430 899 1460 t

217 1487 294 1554 inque
305 1486 380 1537 domo
391 1489 466 1536 soceri
476 1488 567 1551 semper
578 1489 709 1553 spesiabere
718 1489 808 1550 nostri,

218 1564 253 1612 Ut
263 1581 316 1614 ntea
327 1566 350 1612 se
361 1566 440 1628 sponsi
451 1563 540 1613 soletur
550 1567 655 1630 imagine
666 1570 761 1632 conjux·

171 1639 287 1702 npoDixit
297 1657 304 1688 t
316 1641 341 1687 δι
353 1641 379 1688 in
389 1652 482 1704 partem
492 1637 644 1701 Phorcynida
655 1639 867 1702 translatitium,

218 1715 257 1766 rid
268 1733 341 1783 quarn
352 1718 375 1766 se
387 1715 480 1783 trepido
493 1719 596 1768 Phineus
608 1719 742 1769 obverterat
752 1736 802 1768 ore.

218 1793 284 1842 Tum
294 1810 391 1861 quoque
401 1799 499 1844 conanti
513 1798 552 1846 sua
563 1795 653 1846 flectere
666 1796 757 1845 lumina
768 1797 848 1846 cervix

217 1868 342 1936 Diriguit,
358 1873 462 1938 saxoque
473 1873 601 1922 oculorum
612 1871 718 1922 induruit
729 1877 825 1922 humor.

219 1946 265 1998 Sed
272 1964 352 2000 tamen
359 1967 386 2000 os
394 1949 522 2012 timidum,
530 1951 943 2020 vultusqueinrnarmortsupplex,

169 2047 196 2092 ²3
204 2028 389 2098 5Submili'aeque
400 2048 501 2092 manus,
514 2030 630 2098 faciesque
642 2031 746 2080 &noxia
756 2035 853 2082 mansit.

251 2177 335 2227 vietor
345 2175 488 2228 Abantiades
498 2179 586 2243 patrios
596 2193 651 2227 curn
662 2181 765 2246 conjuge
775 2197 857 2230 muros

174 2259 176 2266 “
217 2253 312 2314 lnrrat,
327 2257 352 2304 bc
362 2257 488 2306 immerite
497 2255 585 2306 vindex
596 2256 708 2322 ultorque
716 2263 820 2322 parentis

217 2329 362 2396 Aggreditur
372 2333 482 2382 Proetum·
492 2351 498 2380 ε
509 2349 582 2392 narn,
596 2333 667 2384 fratre
679 2351 795 2400 perarma
805 2337 890 2405 fugato
900 2375 911 2403 ,

217 2409 365 2461 Acrisionfas
375 2411 467 2462 Proetus
477 2410 610 2479 possederit
621 2431 692 2464 arces.

171 2481 265 2551 2405ed
272 2500 316 2533 nec
324 2503 369 2549 ope
377 2503 499 2536 armorum
508 2523 516 2546 ,
524 2505 582 2547 nec,
592 2488 664 2554 quim
674 2489 735 2538 mali
743 2507 837 2555 ceperat
845 2527 853 2553 ,
861 2509 933 2555 arce,

219 2561 300 2614 Torva
311 2563 450 2614 colubriferi
460 2569 577 2630 superavit
585 2567 676 2620 lumina
686 2567 792 2618 monstri.

250 2707 286 2756 Te
297 2724 394 2771 tamen,
407 2708 438 2760 b!
451 2715 630 2776 perverenat,
644 2713 788 2777 Polydecte,
801 2717 914 2782 Seriphi,

217 2783 268 2834 Nec
280 2791 373 2852 juvenis
384 2793 475 2849 virtus,
486 2808 528 2856 per
540 2805 577 2841 tot
590 2793 691 2856 speciata
701 2793 810 2851 labores,

217 2862 269 2910 Nec
281 2866 345 2915 mala
355 2867 493 2918 mollierunt
504 2887 510 2916 ι
523 2865 564 2918 sed
574 2870 718 2920 inexorabile
730 2868 803 2922 durus

170 2939 316 2996 245Exerces
330 2941 414 2994 odium
423 2978 432 3006 ,
443 2961 486 2994 nec
497 2945 578 3012 iniqui
590 2945 643 2996 finis
654 2948 679 2996 in
691 2948 726 2995 ira
737 2945 777 2994 est.
