2056 3706
215 261 640 336 MnrArroursrosnou
663 265 702 334 L
728 265 759 334 Ι.
792 289 836 352 19

109 379 227 445 luppiter
241 382 273 430 est
290 385 383 448 genitor
393 403 399 432 ε
406 401 449 449 per
455 401 515 449 me,
526 383 594 451 quod
604 389 712 453 eritque,
724 386 816 454 fuitque
827 426 838 447 ‚

111 457 220 524 Estque,
232 477 296 525 patet
309 481 315 510 :
326 479 367 527 per
378 481 418 512 me
429 463 581 514 concordant
591 469 698 514 carmina
708 469 793 515 nervis.

112 535 190 586 Certa
200 537 297 604 quidem
308 543 388 592 nostra
399 543 447 601 est3
459 543 539 592 nostri
550 559 630 592 tamen
642 560 688 592 una
698 543 785 609 sagitis

112 615 219 678 Certior,
230 622 257 667 in
272 637 348 669 vacuo
357 635 411 686 quae
422 620 521 671 vulnere
531 625 625 686 pesiore
641 621 708 670 fecit.
842 630 888 674 520

108 693 238 745 inventurn
254 695 378 747 medicina
396 715 478 763 ¹meum
500 699 549 748 est:
561 700 687 765 opiferque
698 716 740 765 per
748 701 833 748 orbem

107 771 203 833 Dicor3
222 779 246 824 dt
260 777 389 826 herbarum
406 778 511 842 subjesia
525 775 634 843 potentin¹
649 780 728 827 nobis.

106 851 156 900 Hei
174 854 251 902 mihil
269 853 338 920 quod
348 855 423 904 nullis
434 872 502 904 amor
516 856 549 905 est
560 853 710 906 medicabilis
724 855 801 904 herbis
813 873 819 904 ε

105 927 161 978 Nec
179 933 280 996 prosunt
298 931 487 1000 donnino,quae
502 937 603 999 prosunt
616 935 749 989 omuibus,
766 949 836 983 artes.
909 978 913 986 ‚

106 1008 180 1057 Plura
196 1009 341 1060 locuturum
355 1009 445 1060 timido
458 1013 543 1061 Peneia
554 1013 622 1062 cursu
839 1011 882 1062 525

107 1087 181 1152 Fugit
192 1090 200 1146 ς
219 1105 324 1154 cumque
337 1091 390 1153 ipso
398 1091 471 1139 verba
482 1091 619 1154 imperfesla
630 1089 737 1156 reliquit.

108 1165 178 1214 Tum
188 1183 288 1232 quoque
300 1169 352 1214 visa
365 1165 450 1214 decens
461 1185 468 1215 ι
480 1166 604 1216 nudabant
622 1183 722 1230 corpora
735 1169 818 1226 uenti,

112 1243 241 1308 Obviaque
255 1241 366 1291 adversas
378 1242 502 1292 vibrabant
510 1241 607 1292 flamine
615 1243 708 1293 vestesr

110 1321 145 1370 Et
164 1320 222 1370 levis
236 1323 347 1385 impexos
364 1335 427 1369 retro
437 1317 509 1371 dabar
521 1339 576 1371 arira
586 1321 684 1388 capillos
695 1339 704 1381 ς

108 1402 232 1466 Ariciaque
249 1399 331 1449 forma
342 1397 400 1462 fugd
414 1398 454 1447 esl.
466 1397 511 1448 Sed
525 1403 589 1449 euim
600 1416 650 1450 uon
660 1400 757 1450 sustinet
766 1399 843 1450 ultral
852 1404 881 1451 30

107 1477 209 1528 Perdere
221 1476 350 1526 blanditias
365 1480 456 1541 juvenis
467 1477 547 1528 Deus:
557 1495 631 1545 utque
645 1479 760 1530 movebat

107 1556 160 1620 lpse
172 1557 260 1616 rimor,
280 1551 383 1605 admisso
396 1557 502 1622 sequitur
516 1558 615 1623 vestigia
625 1555 701 1623 passu.

46 1646 49 1652 ·
107 1634 142 1682 Ut
157 1637 221 1684 cunis
232 1637 258 1686 in
272 1650 350 1684 vacuo
362 1633 469 1699 leporem
479 1651 535 1684 cum
551 1635 660 1686 Gallicus
675 1651 734 1686 arvo

104 1711 176 1761 Vidit
186 1729 195 1770 3
210 1716 235 1761 dt
246 1715 285 1762 hic
297 1711 402 1777 praedam
414 1711 512 1777 pedibus
523 1717 601 1778 petit,
613 1714 656 1763 ille
664 1713 776 1766 salutem.

106 1789 176 1839 Alter
194 1791 313 1838 inlraesuro
327 1789 428 1849 similis,
440 1794 596 1857 iamiamque
610 1805 692 1842 tenere
838 1797 864 1844 53
871 1797 881 1843 l

104 1870 209 1932 Sperat,
225 1869 252 1914 dc
268 1881 364 1914 extento
375 1867 468 1931 stringit
477 1869 575 1934 vestigia
587 1870 664 1921 rostro
677 1887 686 1929 ς

105 1946 176 1998 Alter
193 1947 219 1994 iu
236 1945 354 2010 ambiguo
370 1942 419 2004 est,
433 1959 464 1994 an
476 1947 507 1996 sit
523 1944 666 2012 deprensus,
681 1952 706 1999 st
721 1949 778 2014 ipsis

105 2025 231 2075 Morsibus
249 2024 351 2088 eripitur
366 2024 557 2089 :tangentiaque
572 2039 615 2073 ora
631 2025 753 2091 relinquit.

105 2106 144 2153 Sic
165 2103 247 2163 Deus,
272 2105 297 2151 δι
310 2103 379 2166 virgo
390 2100 437 2150 ests
449 2103 489 2150 hic
500 2101 540 2166 spe
551 2101 631 2162 celer,
646 2102 689 2152 illu
705 2107 800 2154 timore.

107 2182 155 2242 Qui
173 2195 256 2231 tamen
276 2181 426 2245 insequitur,
447 2181 530 2244 pennis
544 2176 639 2245 adjutus
653 2181 766 2243 Amoris,
835 2197 883 2242 540

106 2261 182 2310 Ocior
192 2261 242 2319 est,
254 2259 410 2322 requiemque
420 2271 510 2321 negat:
525 2273 640 2323 tergoque
652 2257 732 2324 fugaci

107 2338 241 2396 lorminer3
259 2339 285 2386 &
296 2337 385 2385 crinem
397 2336 502 2399 sparsum
514 2338 647 2388 cervicibus
656 2337 732 2390 afflat.

107 2417 205 2466 Viribus
216 2416 332 2466 absumtis
345 2413 461 2480 expalluit
470 2413 514 2462 illa
523 2433 529 2462 r
539 2417 641 2480 tiraeque

107 2495 176 2543 Vitia
193 2493 277 2543 labore
290 2493 369 2558 sugo,
384 2493 487 2556 spesiaus
498 2491 612 2542 Peneidas
624 2491 716 2554 undas,

108 2574 166 2632 Fer,
178 2587 260 2638 pates,
274 2574 371 2637 inquit,
382 2586 470 2636 opern3
482 2574 501 2620 si
513 2569 613 2620 flumina
624 2587 714 2622 numen
724 2573 875 2632 habetis.545

107 2650 162 2711 Qus
171 2654 277 2700 nimium
295 2649 392 2715 placui,
407 2647 507 2708 Tellus,
522 2664 563 2699 aut
574 2649 653 2709 hisce·‚
666 2650 806 2712 velillum,

108 2727 168 2787 Quae
179 2727 238 2778 facit
251 2743 280 2778 ut
296 2725 383 2787 ledat,
401 2724 519 2778 mutando
529 2725 601 2792 percle
617 2727 729 2792 figuram.

108 2805 156 2854 Vix
168 2823 236 2870 prece
248 2805 334 2865 finita,
351 2821 433 2870 torpor
444 2809 521 2871 gravis
532 2805 616 2869 alligat
626 2821 690 2854 artus
701 2825 709 2857 e

109 2881 198 2932 Mollia
211 2887 341 2949 cinguntur
357 2887 421 2932 renui
436 2881 566 2947 praecordia
581 2883 652 2932 libro.

112 2959 140 3012 lu
160 2959 270 3014 frondem
280 2965 356 3014 crines
365 2995 375 3023 ,
385 2964 411 3010 in
427 2977 507 3012 ramos
519 2961 614 3014 brachia
626 2961 752 3012 crescuutr
827 2979 873 3027 550
