2056 3706
141 215 570 286 Mrunournostou
593 217 629 284 L.
656 219 704 286 II.
739 235 782 308 45

68 335 122 386 Nec
137 353 246 404 coeptum
257 337 358 388 dimittit
367 341 412 388 iter
422 358 427 388 ι
438 337 588 405 dominoque
599 343 717 404 jacentem

69 413 146 466 Cum·
154 419 238 480 juvene
249 417 375 466 Haemonio
385 415 471 466 vidisse
481 416 609 466 Coronida
619 433 707 468 narrat.

72 493 167 542 Laurea
182 493 274 558 delapsa
285 495 330 554 est,
342 493 427 546 audito
443 498 544 544 crimine
559 499 678 551 arrrantis3
794 517 841 554 600

74 570 108 619 Et
119 574 204 636 pariter
212 571 338 638 vultusque
349 573 417 628 Deo,
436 572 615 637 pletitumque,
627 572 741 638 colorque

73 647 186 699 Excidit:
198 665 271 716 utque
282 655 376 700 animus
388 649 475 700 timidi
487 651 594 700 fervebat
606 651 635 698 ab
646 653 699 708 ira,

73 727 148 778 Arma
161 725 250 778 assueta
261 733 324 795 rapit
337 765 346 790 ,
363 728 501 794 flexumque
515 745 528 778 a
539 729 651 778 cornibus
662 743 743 776 artum

10 821 12 832 ¹
73 804 182 856 Tendit:
196 811 219 856 &
231 807 275 856 illa
285 810 328 856 suo
339 811 411 856 toties
422 824 477 856 cum
489 809 583 872 pedore
595 808 676 872 junsia

72 883 211 935 ludevitato
227 889 321 952 trajecit
335 889 433 950 pedore
442 884 501 934 telo.
799 893 843 943 605

73 963 124 1011 leia
142 961 210 1014 dedit
223 967 359 1028 gemitum,
378 965 499 1028 nudoque
516 961 640 1015 aruinere
652 961 733 1018 ferro,

75 1039 191 1090 Candida
205 1044 308 1105 puniceo
320 1039 427 1104 perfudit
437 1040 545 1088 membra
555 1056 639 1090 cruore
649 1059 656 1100 3

76 1117 111 1166 Et
120 1117 181 1166 dixit
192 1152 201 1172 ,
222 1121 295 1166 Potui
304 1134 386 1182 poenas
397 1121 441 1166 tibi
453 1119 575 1176 ,Phoebe,
587 1115 694 1178 dedisse,

80 1193 130 1242 Sed
140 1192 255 1258 peperisse
271 1194 353 1258 pritis:
367 1192 416 1242 duo
427 1209 490 1241 nunc
506 1197 637 1242 moriemur
650 1199 676 1244 in
688 1213 743 1246 una.

83 1269 206 1318 Hactenus
219 1273 269 1318 e&
280 1273 368 1334 pariter
378 1273 453 1318 vitam
465 1287 519 1318 cum
533 1272 645 1336 sanguine
656 1271 727 1324 fudit.
804 1284 851 1321 610

83 1347 182 1414 Corpui
198 1351 268 1398 inane
281 1351 366 1397 animae
376 1347 451 1412 frigus
460 1347 647 1403 ietaiesetutunr
657 1351 697 1400 esi.

113 1509 219 1560 Poenitet
235 1508 298 1560 heu!
315 1507 368 1560 serti
381 1525 459 1577 poenae
469 1507 571 1560 crudelis
582 1526 716 1571 amantem

78 1589 179 1654 Seque,
196 1587 264 1654 quod
278 1586 397 1648 audierit,
414 1585 480 1655 quod
495 1591 527 1640 sic
545 1589 670 1650 exarserit,
688 1589 750 1640 odit.

78 1665 142 1716 Odit
157 1685 243 1728 avem,
262 1683 304 1732 per
315 1683 386 1732 quam
403 1669 494 1720 crimen
506 1669 648 1736 causamque
659 1665 758 1718 dolendi

78 1747 147 1794 Scire
156 1748 251 1794 cordus
259 1760 320 1794 etat:
330 1761 457 1809 nervumq,
471 1761 571 1809 arcumq
587 1761 721 1812 3nranumq
728 1764 736 1806 3
803 1761 848 1812 615

78 1822 144 1873 Odit
151 1841 161 1882 3
173 1839 277 1888 tumque
286 1837 371 1874 manu.
383 1825 506 1892 temerrria
516 1822 574 1881 teia,
586 1823 688 1886 sagittas.

78 1900 277 1965 Collapsamque
293 1898 360 1948 foret
370 1931 378 1956 ,
390 1897 486 1962 serique
496 1914 541 1960 ope
551 1901 645 1946 vincere
654 1899 702 1948 sata

78 1979 197 2038 Nititur,
216 1981 242 2026 δι
257 1975 363 2025 medicas
378 1989 471 2026 exercet
482 1976 585 2027 inaniter
596 1987 664 2023 artes.

78 2057 141 2117 Qua
153 2055 209 2120 post
219 2053 295 2120 quim
306 2053 390 2104 frustra
407 2066 510 2109 tentata,
525 2067 659 2117 rogumque
672 2055 747 2118 parari

78 2138 179 2194 Sensit,
193 2135 323 2182 &arsuros
336 2133 451 2196 supremis
465 2131 560 2194 ignibus
574 2145 656 2190 attus,
743 2139 746 2164 ¹
805 2149 852 2186 rto

78 2214 149 2264 Tum
158 2209 220 2262 veti>
231 2213 335 2275 gemitus
348 2208 358 2276 (
369 2225 445 2274 neque
457 2211 520 2258 enim
533 2207 636 2258 coelestia
648 2211 706 2276 tingi

79 2293 132 2341 Ora
144 2289 220 2340 decet
230 2289 341 2350 lacrymis
352 2285 362 2356 )
373 2287 424 2338 alto
438 2285 467 2336 de
481 2283 553 2336 corde
565 2289 652 2351 petitos

79 2367 182 2422 Edidit.
205 2363 277 2416 Haud
289 2364 375 2424 aliter,
391 2363 465 2432 quim
476 2365 531 2413 ctim
541 2398 549 2423 ,
561 2365 678 2428 speftante
686 2367 805 2431 juvenci,

80 2449 210 2498 Ladentis
226 2444 311 2502 vituli,
331 2441 413 2492 dextri
427 2443 526 2493 libratus
540 2442 570 2490 ab
587 2458 657 2503 aure,

81 2527 214 2592 Tempora
230 2521 339 2574 discussit
350 2521 414 2572 claro
422 2537 479 2571 cava
491 2519 590 2570 malleus
601 2523 657 2572 istu.
810 2541 855 2586 εις

80 2605 118 2653 Ut
132 2617 220 2654 tamen
229 2603 336 2664 ingratos
346 2601 473 2662 inpedora
484 2596 547 2653 fudit
557 2597 643 2648 odores
656 2633 665 2659 ,

82 2683 115 2732 Et
133 2678 208 2732 dedit
223 2677 359 2742 amplexus,
376 2677 505 2742 injustaque
518 2677 578 2742 justa
595 2679 706 2742 peregit,

82 2760 146 2810 Non
165 2757 224 2806 tuiit
242 2758 368 2804 incineret
382 2755 430 2802 labi
441 2757 481 2802 sua
491 2755 595 2803 Phoebus
607 2751 704 2806 eosdem

86 2838 203 2889 Semina:
214 2831 255 2882 sed
273 2848 357 2882 natum
373 2830 475 2880 flammis
486 2847 602 2896 uteroque
614 2836 717 2895 parentis

85 2915 206 2981 Eripuit,
224 2913 360 2978 geminique
374 2910 429 2964 tulit
440 2909 553 2962 Chironis
563 2911 588 2960 iu
598 2903 703 2960 antrum.
817 2929 829 2963 ⁶
836 2935 863 2977 3·
