2078 3708
259 233 308 310 96
430 220 471 289 P.
503 221 657 287 OVrmr
680 220 882 286 NAsortrs·

259 347 295 396 Ut
305 347 385 406 stetit,
403 347 443 397 0!
463 343 542 404 dixit,
559 358 608 392 non
622 341 670 390 istis
684 338 757 404 digna
770 341 877 394 catenis,

259 423 305 473 Sed
316 427 401 491 quibus
412 427 474 474 inter
485 425 508 472 se
524 420 605 486 cupidi
616 425 747 486 junguntur
761 429 866 466 amantes
877 429 887 472 5

257 500 338 551 Pande
347 505 476 568 requirenti
489 516 579 549 nomen
589 494 703 563 terreque
713 498 842 560 tuumquet

210 577 288 629 stoue
299 595 340 628 cut
350 579 430 629 vincla
439 595 514 644 geras.
526 575 608 636 Primo
618 576 672 626 silet
681 573 724 623 illa
734 592 741 622 s
752 589 795 622 nec
807 569 881 624 audet

256 657 382 722 Appellare
393 659 471 707 virum
481 659 566 720 virgo:
581 655 742 718 manibusque
748 647 867 700 modestos

256 731 363 784 Celallet
372 733 469 789 vultus,
487 737 568 782 sinon
579 731 677 796 religata
688 726 777 778 fuiilet.

256 809 375 871 Lumina,
390 810 456 878 quod
467 813 562 875 potuit,
579 810 690 871 lacrymis
701 807 812 873 implevit
821 805 922 854 obortit.

256 888 343 952 Saepius
353 890 467 949 instanti,
484 890 566 939 suane
577 885 663 936 delicta
674 886 744 938 fateri

208 963 330 1030 tS5Nolle
339 965 474 1024 videretur,
493 983 583 1016 nomen
594 981 707 1031 retraeque
719 967 853 1028 suumque,

255 1042 396 1109 Quantaque
407 1059 519 1096 materna
531 1043 603 1092 fuerit
614 1042 701 1092 fiducia
711 1042 811 1094 forme,

194 1125 196 1130 '
254 1118 348 1169 ludicat
359 1140 365 1168 ι
379 1125 404 1170 &
415 1155 423 1180 ,
439 1119 548 1170 nondum
559 1123 697 1170 memoratis
708 1121 819 1169 omnibus
830 1153 838 1180 ,
852 1117 918 1169 unda

253 1196 378 1248 lnsonuit:
391 1203 534 1265 veniensque
544 1201 662 1248 immenso
673 1197 752 1248 bellua
763 1211 840 1261 ponto

254 1273 349 1324 Eminet
360 1295 366 1324 a
380 1280 404 1326 ὃ(
417 1277 493 1326 latum
503 1278 545 1324 sub
556 1279 649 1342 pedore
659 1275 764 1342 possidet
774 1292 865 1340 aequor.

206 1351 400 1406 ⁶9030nclamat
410 1357 478 1418 virgo
490 1373 496 1402 t
510 1355 605 1419 genitor
615 1353 720 1418 lugubris
733 1387 741 1412 ,
758 1357 782 1400 δι
795 1369 880 1402 amens

251 1431 331 1481 Mater
340 1429 404 1480 adest
416 1451 422 1480 a
434 1433 506 1480 ambo
517 1431 612 1490 miseri,
626 1428 665 1478 sed
675 1429 755 1495 jullius
766 1429 818 1478 illa.

250 1507 303 1556 Nec
313 1510 392 1558 secum
403 1509 517 1558 auxilium
529 1543 537 1568 ‚
555 1505 596 1556 sed
606 1505 691 1572 dignos
704 1523 811 1572 tempore
822 1506 913 1570 fletus,
931 1514 933 1516 ’

250 1584 439 1650 Plangoremque
450 1585 529 1636 ferunt
539 1603 545 1633 t
554 1587 681 1650 viniioque
691 1587 716 1634 in
726 1601 826 1650 corpore
837 1586 964 1639 adhaerent.

250 1661 314 1712 Csim
326 1667 358 1712 sic
368 1665 452 1728 hospes
463 1667 504 1712 ait.
516 1664 687 1726 Lacrymarum
698 1661 772 1727 longa
781 1680 879 1713 manere
892 1666 949 1731 (est.

201 1733 369 1806 ⁶95Tempora
375 1759 419 1791 vos
427 1745 539 1806 poterunt
548 1761 554 1790 ι
564 1737 595 1790 ad
600 1758 671 1806 opem
677 1741 754 1790 brevis
760 1743 818 1790 hora
828 1742 964 1792 ferendam:

248 1819 316 1868 Hanc
328 1837 373 1886 ego
383 1823 402 1870 si
414 1836 518 1885 peterem
529 1821 625 1868 Perseus
636 1820 694 1869 Jove
705 1835 791 1878 natus,
804 1823 829 1868 ὃ(
840 1821 887 1870 illd
898 1857 906 1881 ,

248 1897 328 1956 Quam
338 1899 442 1948 clausam
452 1898 563 1963 implevit
574 1896 678 1947 fecundo
689 1899 795 1964 luppiter
806 1914 864 1946 auro
875 1933 885 1957 ‚

248 1975 368 2042 Gorgonis
379 1981 527 2042 anguicomae
539 1978 633 2026 Perseus
643 1977 780 2040 superator,
793 1981 817 2024 δι
828 1975 873 2028 alis

246 2055 369 2104 AEthereas
379 2057 446 2104 ausus
454 2057 544 2121 jactatis
558 2057 591 2102 ire
602 2071 643 2120 per
653 2070 735 2115 auras3

199 2131 371 2181 70⁰l²raefetret
382 2135 469 2180 cundiit
481 2131 633 2198 tertigenas.
646 2131 738 2184 Addere
750 2135 821 2184 tantis
964 2186 968 2194 ,

245 2207 350 2258 Dotibtis
362 2213 386 2258 δι
398 2211 527 2270 meritum,
545 2209 640 2260 faveant
651 2208 729 2260 modii
739 2214 855 2272 numina,
869 2226 948 2263 tento.

245 2285 280 2334 Ut
290 2303 343 2336 mea
355 2289 402 2346 sit,
417 2287 509 2336 servata
519 2286 574 2336 meai
584 2290 672 2336 virtute
683 2322 690 2346 ,
705 2290 820 2356 paciscor.

244 2365 372 2428 Accipiunt
382 2363 476 2430 legem,
491 2367 543 2431 quis
554 2368 618 2416 enim
632 2363 750 2417 dubitaret
759 2371 804 2428 3¹&
815 2383 904 2429 orant,

244 2441 439 2508 promittuntque
450 2445 518 2508 super
528 2460 628 2508 regnunt
640 2441 739 2504 dotale,
750 2461 868 2510 patentes.

196 2529 240 2578 705
247 2518 305 2567 Ecce
315 2518 381 2568 velut
391 2523 457 2570 navis
466 2555 475 2580 ,
490 2519 586 2584 praefixo
597 2525 692 2572 concita
702 2523 776 2572 rostro
787 2559 795 2583 ,

243 2595 324 2644 Sulcat
338 2613 427 2662 aquas,
444 2601 557 2662 juvenum
569 2597 706 2649 sudantibus
719 2603 769 2652 acta
780 2601 894 2666 lacertis,

242 2675 280 2722 Sic
292 2675 358 2735 fera,
372 2673 470 2725 dimotis
481 2677 585 2742 impulsu
595 2681 694 2742 pudioris
705 2677 784 2728 undis.

242 2753 348 2802 Tantum
360 2755 440 2804 aberat
451 2754 570 2820 scopulis,
587 2772 704 2822 quantum
715 2757 836 2808 Balearica
848 2775 917 2812 torto

242 2829 325 2879 funda
337 2831 412 2894 potest
423 2831 523 2896 plumbo
534 2831 608 2884 medii
621 2836 778 2884 transmittere
790 2838 848 2886 coeli
860 2857 866 2886 t

196 2907 311 2966 erocum
322 2906 400 2958 lubitd
410 2913 503 2976 juvenis
514 2945 523 2974 ,
539 2909 639 2978 pedibus
651 2911 735 2964 tellure
745 2915 858 2982 repulsi,

868 2997 968 3052 Arduus
