2056 3706
199 253 617 307 MnrAuonrrtosnou
643 237 680 306 L.
705 239 754 306 H.
785 261 826 326 33

109 355 173 418 Quae
187 359 239 424 post
249 359 321 426 quim
331 362 453 410 summum
464 361 564 426 tetigere
573 359 677 422 jatcentia
687 373 776 424 tergum
787 395 795 418 ‚
849 353 853 372 '

110 435 278 500 Exspatiantur
289 441 343 504 equi
351 473 362 494 ‚
375 438 493 504 nulloque
503 439 649 498 inhibente,
663 452 704 502 pet
716 453 780 486 auras

112 512 205 578 Ignota
218 519 320 581 regionis
333 533 407 566 eunt:
421 517 518 583 quique
530 520 634 582 impetus
650 518 716 580 egit,

112 589 165 641 Hic
176 597 225 643 sine
240 595 293 660 lege
306 610 379 650 ruunt
390 614 398 644 e
409 595 507 661 altoque
522 597 564 644 sub
575 596 662 644 aethete
672 591 724 642 fixis

110 669 233 722 incursant
246 664 486 739 stellis.'rapiunsque
497 691 539 738 per
549 675 602 722 avia
613 687 717 721 currum.
834 682 877 730 τοι

108 747 140 799 Et
156 749 236 800 modd
243 753 340 800 summa
350 766 452 816 petunt,
469 749 547 800 modb
556 785 564 812 ‚
582 765 622 816 per
632 747 725 799 decliva
735 749 830 814 viasque

107 827 261 895 Praecipites,
278 833 355 896 spatio
371 845 439 880 terrae
454 833 566 896 propiore
579 829 710 886 feruntur,

106 905 259 974 Inferiusque
269 909 316 956 suis
328 907 445 958 fraternos
457 925 549 957 currere
560 907 629 957 Luna

107 983 250 1036 Admiratus
268 1004 342 1053 equos
354 1006 361 1035 t
374 987 527 1052 ambustaque
544 985 628 1036 nubila
645 985 750 1034 fumant.

109 1061 251 1129 Corripitur
260 1063 365 1114 flammis
376 1101 385 1126 ‚
395 1081 423 1115 ιιι
434 1081 534 1131 quaeque
544 1065 674 1118 altissishs,
686 1061 757 1112 telius
769 1078 779 1118 ·,
836 1065 883 1100 2¹0

112 1137 224 1206 fissaque
237 1145 287 1204 agit
296 1145 382 1197 rimas,
395 1146 419 1190 δι
432 1143 507 1190 succis
523 1155 573 1190 aret
584 1141 694 1190 ademtis.

14 1217 15 1220 ’
113 1217 208 1266 Pabula
217 1220 346 1270 canescunt
357 1237 363 1266 e
376 1234 432 1267 cum
443 1216 569 1267 frondibus
580 1221 656 1268 uritur
664 1218 749 1268 arbost

116 1293 297 1362 Materiamque
310 1298 354 1345 suo
363 1297 453 1361 praebet
464 1299 527 1361 seges
538 1294 603 1346 arida
614 1294 711 1346 damno.

114 1371 189 1422 Parva
199 1390 400 1439 quetotemagnae
407 1389 506 1440 pereunt
514 1391 569 1422 cunt
580 1376 699 1424 nroenibus
710 1372 777 1422 urbes
789 1389 798 1432 3

112 1449 225 1517 Cumque
237 1453 284 1500 suis
296 1461 360 1502 totas*
368 1453 464 1518 populis
475 1451 586 1504 incendia
597 1468 677 1518 gentes
834 1467 877 1517 ²¹5

109 1527 138 1578 In
154 1531 262 1578 cinerem
272 1545 378 1580 vertunt.
391 1531 461 1580 Silva·
472 1547 528 1580 curn
540 1531 662 1580 montibus
678 1529 762 1581 ardent
772 1547 780 1588 3

108 1605 186 1656 Ardet
195 1610 284 1667 Athos,
297 1610 436 1674 Taurusque
447 1609 527 1668 Cilix,
540 1614 565 1660 bt
577 1609 694 1670 Tmolus,
707 1615 731 1660 bt
743 1611 814 1668 OEtey

108 1681 141 1732 Et
154 1700 219 1734 nunc
228 1690 289 1736 sicca
300 1691 364 1751 ptius
375 1688 530 1736 celeberrima
545 1689 653 1756 sontibus
665 1723 674 1748 ,
695 1687 754 1748 lde3

109 1760 288 1828 Virgineusque
302 1765 425 1824 Helicon,
443 1771 466 1814 bt
479 1765 588 1815 nondum
600 1767 707 1831 OEagtius
722 1765 830 1816 Haemos.

108 1837 187 1888 Ardet
197 1843 223 1888 in
234 1843 382 1890 immensum
391 1846 515 1906 geminatis
525 1845 619 1908 ignibus
630 1843 718 1898 Eme,
834 1853 880 1887 ²2⁰

109 1916 286 1986 Parnassusque
294 1922 385 1985 biceps,
396 1923 421 1970 ἃ
432 1921 509 1982 Eryx,
521 1925 545 1968 bt
556 1921 682 1982 Cynthus,
694 1927 719 1970 bt
730 1923 828 1983 Othrys,

107 1995 142 2045 Et
153 1995 252 2048 tandem
268 1996 389 2064 Rhodope
401 2001 497 2048 nivibus
515 2000 632 2058 caritura,
645 1999 782 2068 Mimasque
790 2032 802 2060 ,-

106 2074 297 2144 Dindymaque,
305 2079 330 2126 bs
342 2077 453 2139 Mycale,
462 2091 579 2142 natusque
587 2073 617 2125 ad
626 2075 829 2128 secraCithaeron.

107 2153 162 2203 Nec
181 2157 281 2219 prosunt
291 2157 394 2216 Scythia
405 2157 446 2205 sua
455 2155 544 2220 frigora
557 2174 563 2203 :
575 2154 694 2206 Caucasus
703 2154 771 2206 ardet
788 2192 796 2215 ‚

107 2231 217 2298 Ossaque
233 2249 291 2282 cum
306 2231 398 2292 Pindo,
411 2237 532 2300 majorque
542 2233 658 2283 ambobus
669 2232 804 2300 Olympur3
831 2242 875 2301 ²35

105 2310 235 2375 Airiaeqne
247 2311 333 2376 Alpes,
347 2315 372 2360 be
383 2300 477 2360 nubifer
487 2314 632 2378 Apenninus.

108 2387 184 2437 Tunc
197 2387 254 2438 verd
274 2390 395 2440 Phaethon
411 2391 499 2439 constit
514 2391 645 2454 epatribus
660 2389 749 2440 orbern

107 2467 203 2532 Aspicit
215 2469 339 2516 accensum
349 2485 356 2525 3
368 2483 411 2516 nec
423 2482 500 2517 tantos
511 2469 607 2518 sustinet
616 2469 697 2519 astus:

106 2545 286 2611 ferventesque
296 2561 380 2606 auras,
397 2546 464 2595 velut
475 2563 487 2594 e
498 2545 593 2596 fornace
607 2546 728 2612 profundi
739 2582 748 2608 ,

107 2625 159 2673 Ore
177 2625 266 2683 trahit,
286 2639 413 2690 currusque
427 2625 478 2689 suos
494 2623 633 2674 candescere
649 2627 730 2674 sentit.
834 2639 882 2684 250

107 2702 140 2752 Et
158 2719 237 2767 neque
250 2704 300 2768 jam
311 2705 399 2752 cineres
409 2694 578 2768 eisdatamque
590 2701 700 2752 favillam

109 2782 181 2830 Ferre
192 2781 283 2846 potest:
295 2779 421 2848 calidoque
430 2771 562 2832 involvitur
573 2777 678 2846 undique
686 2779 766 2828 furno.

110 2858 217 2925 Quoque
232 2873 287 2920 eat,
299 2873 341 2908 auc
354 2861 395 2908 ubi
411 2863 441 2908 sit
454 2894 461 2918 ,
480 2857 547 2923 picei
557 2857 658 2923 caligine
671 2859 745 2906 teuus

109 2936 212 2997 Nescia
228 2941 254 2989 δι
269 2936 617 3004 arbintoroluuunrrpurur
628 2947 760 3061 eqqornrm

78 3021 90 3036 ⁸
685 3025 702 3059 v
