2078 3708
255 275 322 323 rao
397 253 440 324 Ρ.
466 257 624 325 Ournrr
639 259 833 324 Nasonis

200 374 364 444 ‘iiDurnque
378 378 466 428 volunt
475 378 556 443 plangi
563 396 571 436 3
584 395 626 443 per
635 379 730 427 brachiu
740 392 807 426 mora
819 377 919 435 leuatae,

249 459 309 505 il'e're
323 454 476 520 pendebant,
489 473 618 508 nemorum
633 458 759 512 convicia,
771 452 852 519 picae.'
916 473 919 478 ·

249 534 320 584 Nunc
335 551 432 601 quoque
443 538 469 584 in
479 535 575 584 alitibus
587 532 699 584 facundia
712 535 789 599 prisca
799 535 933 589 remansit,

248 612 376 678 Raucaque
394 613 537 679 garrulitas,
552 609 703 679 studiumque
712 615 819 662 immam
832 609 953 678 loquendi·

251 767 959 841 ammaeewsswa

407 939 650 1008 LIBER
702 939 790 1008 VI.

246 1045 411 1168 Pantul
420 1131 483 1166 aar
495 1113 563 1165 diuis
575 1116 688 1168 Tritonia
699 1115 785 1164 talibus
796 1129 879 1164 aurem
890 1131 898 1170 3

244 1189 407 1257 carminaque
417 1189 555 1250 Aonidum,
565 1190 698 1258 julianique
707 1191 849 1255 probaverat
858 1193 927 1237 iram.

243 1267 308 1316 Turn
318 1269 414 1324 secum3
426 1263 522 1315 laudare
533 1281 616 1330 parum
628 1267 675 1325 est,
686 1263 812 1315 laudemur
821 1269 847 1313 bc
855 1266 925 1329 ipsaet

243 1344 350 1393 Numina
360 1361 404 1392 nec
416 1345 492 1409 sperni
502 1347 552 1392 sine
562 1345 635 1408 poeni
645 1344 723 1392 nostra
732 1347 846 1393 sinamus.

210 1430 222 1477 5
244 1422 400 1487 Maeoniaeque
411 1425 518 1470 animum
529 1421 583 1470 fatis
594 1420 698 1471 intendit
709 1423 846 1480 Arachnes,

241 1497 322 1558 Qualm
332 1500 376 1547 sibi
385 1497 487 1547 lanifica·
497 1515 547 1547 nou
558 1497 641 1549 cedere
650 1499 760 1548 laudibus
769 1501 828 1549 artis

238 1575 361 1626 Audierat.
373 1577 431 1626 Non
443 1576 485 1625 illa
494 1577 569 1637 loco,
581 1593 626 1627 nec
637 1581 729 1643 origine
739 1581 817 1643 gentis

239 1653 328 1714 Clara,
339 1652 452 1708 fedane,
466 1653 520 1703 fuit.
532 1655 601 1704 Pater
608 1659 664 1704 huic
675 1656 844 1721 Colophonius
854 1654 940 1708 Idmon

240 1733 358 1782 Phocaico
370 1732 462 1780 bibulas
473 1733 580 1798 tingebat
590 1737 681 1783 murice
693 1733 765 1782 lanas.

194 1809 221 1840 ¹⁰
239 1809 365 1860 Occiderat
375 1827 467 1860 mater:
481 1809 520 1860 sed
533 1815 556 1861 ir
568 1813 617 1860 haec
629 1810 659 1862 de
669 1811 756 1877 plebe,
775 1811 867 1878 suoque

237 1887 316 1954 AEqua
325 1891 378 1938 viro
391 1888 475 1940 fuerat.
488 1887 566 1950 Lydas
578 1905 658 1938 tamen
668 1889 710 1938 illa
720 1906 761 1954 per
772 1891 841 1938 urbes

237 1966 368 2027 Quaesierat
378 1967 455 2018 studio
467 1984 555 2018 nornen
566 1967 740 2024 memorabile,
753 1969 864 2032 quamvis

238 2045 298 2095 Orta
309 2045 384 2095 domo
396 2046 485 2111 parvi,
499 2050 577 2111 parvis
589 2047 713 2095 habitabat
725 2045 845 2109 Hypaepis.

237 2123 313 2188 Hujus
324 2140 351 2172 ut
362 2127 492 2188 aspicerent
504 2140 563 2189 opus
576 2122 734 2182 admirabile,
747 2125 806 2188 sape

190 2202 217 2249 ¹5
237 2200 364 2258 Deseruere
375 2204 409 2250 sui
420 2202 541 2267 Nymphae
550 2206 631 2252 vineta
640 2202 758 2264 Tynroli5

234 2278 364 2328 Deseruere
374 2281 424 2328 suas
436 2279 555 2344 Nymphae
568 2279 698 2330 Patiolirlee
709 2279 793 2328 undas.

234 2355 286 2404 Nec
298 2355 368 2405 fallas
379 2355 456 2405 folrim
466 2358 540 2406 uestes
552 2360 652 2422 fpeiiare
663 2359 778 2422 juvabatr,

234 2433 298 2481 Turn
309 2451 422 2500 (putoque,
439 2434 494 2484 crim
504 2434 589 2485 fierent
600 2453 607 2494 3
624 2451 702 2486 tantus
712 2433 784 2484 decor
795 2433 876 2484 adfuit
887 2439 932 2486 atri
942 2437 949 2485 l

195 2534 197 2537 .
233 2511 286 2558 Siue
299 2509 381 2558 rudem
394 2515 483 2575 primos
495 2513 573 2562 lanam
585 2515 733 2578 glomerabat
743 2517 769 2562 in
779 2515 866 2574 orbes,

185 2585 215 2622 20
233 2589 277 2636 Seu
288 2585 368 2652 digitis
379 2591 502 2653 subigebat
512 2581 571 2654 opus
583 2627 591 2650 ,
606 2595 751 2657 repetitaque
763 2591 839 2656 longo

230 2665 326 2716 Vellera
336 2667 448 2716 mollibat
457 2667 555 2716 nebulas
564 2673 681 2734 aequantia
691 2671 781 2727 uanus

230 2745 283 2793 Sive
293 2745 340 2795 levi
352 2759 450 2794 teretem
460 2747 567 2796 versabat
577 2746 665 2811 pollice
677 2747 774 2807 fusurus

230 2823 275 2871 Seu
286 2823 398 2886 pingebat
409 2839 451 2870 acu
462 2841 470 2881 3
481 2825 549 2872 scires
560 2823 679 2874 al’allade
691 2823 796 2878 doum.

229 2897 302 2959 Quod
314 2912 393 2949 tamen
404 2902 452 2964 ipsa
464 2917 550 2965 negat:
564 2901 677 2971 tantique
688 2903 779 2954 offensa
788 2907 922 2971 magistri,

182 2963 195 2996 ²
200 2963 210 3011 5
230 2975 329 3032 Certet,
344 2979 394 3038 ait,
407 2993 502 3028 mecum
514 2996 522 3039 i
537 2979 598 3033 nihil
609 2981 718 3048 estquod
729 2985 789 3034 viiia
801 2988 919 3034 recusem.

869 3063 945 3112 Pallae
