2056 3706
154 238 582 311 Memnonessossou
607 235 644 306 L.
671 239 741 307 III.
778 261 823 328 59

100 359 132 410 ln
151 360 215 410 latus
225 360 348 426 obliquum
359 375 440 410 tamen
449 360 523 410 astitit
534 377 540 407 t
553 376 642 424 oraque
653 374 715 408 retro

104 439 185 490 Fleuit
197 457 203 488 ι
216 443 259 498 &,
278 455 303 488 ut
314 439 386 488 vellet
401 453 509 504 promtas
525 435 633 488 habuisse
648 439 758 502 sagittas,

104 517 171 576 Quas
182 519 274 574 habuit,
292 520 326 566 sic
339 521 418 566 bausit
435 534 526 584 aquas:
541 515 684 581 vultumque
695 517 790 566 vitilem

104 591 227 644 Perfudit:
239 597 396 662 spargensque
410 613 492 644 comas
503 595 628 644 ultricibus
640 591 726 653 undis,
827 610 872 651 ¹90

102 671 203 722 Addidit
220 676 270 723 hac
282 671 356 724 cladis
373 677 509 740 prenuncia
523 675 596 724 verba
608 672 711 722 future:

102 751 173 803 Nunc
189 754 233 802 tibi
245 770 286 802 me
299 757 380 818 posito
392 755 467 803 visam
482 751 603 802 velamine
614 767 692 800 narres
701 784 711 804 ,

98 832 123 880 si
143 835 232 896 poteris
246 848 359 892 narrare,
375 831 439 882 licet.
455 830 508 879 Nec
520 829 589 896 plura
600 833 707 889 minata,

97 909 150 958 Dat
166 911 244 974 sparso
263 912 337 976 capiti
350 911 435 970 uiuacis
445 925 536 960 cornua
549 911 630 968 cervi,

76 1049 78 1052 Ι
97 987 150 1037 Dat
162 991 264 1056 spatium
273 988 341 1036 collo
351 1007 362 1040 ι,
371 991 520 1054 summasque
532 990 667 1038 cacuminat
678 1001 761 1043 autes,
827 1005 870 1053 195

99 1065 169 1116 Cum
180 1065 327 1131 pedibusque
335 1083 435 1126 manus,
452 1083 508 1114 cum
518 1066 597 1130 longis
608 1068 704 1116 btachia
712 1078 791 1114 mutet

100 1143 239 1195 Crucibus:
252 1147 277 1190 ὅ(
292 1143 358 1191 velat
368 1143 491 1190 maculoso
501 1143 590 1190 vellere
601 1157 693 1204 corpus.

105 1219 211 1270 Additus
233 1224 258 1268 δι
271 1236 345 1284 pavor
356 1219 401 1268 est:
416 1219 479 1282 fugit
489 1222 621 1268 Autone‘ius
631 1220 717 1277 henos,

104 1296 139 1348 Et
153 1299 175 1352 se
191 1312 241 1347 tam
252 1297 353 1347 celerem
364 1298 430 1346 cursu
441 1299 541 1346 nsirntut
550 1300 574 1346 in
583 1297 643 1360 ipso.

33 1423 38 1432 ,
104 1375 141 1423 Ut
160 1373 218 1424 verb
228 1375 304 1423 solitis
315 1376 355 1422 sua
366 1391 453 1434 cornua
467 1373 527 1424 vidit
537 1377 562 1422 in
578 1372 664 1434 undis,
823 1395 870 1430 :oo

97 1451 144 1502 Me
164 1453 291 1502 miserum!
310 1450 413 1502 didimus
422 1468 472 1516 erat
484 1470 490 1502 e
503 1469 549 1506 vos
560 1452 628 1502 nulla
639 1453 717 1504 secuta
728 1452 767 1502 est.

95 1529 218 1595 Ingemuit
228 1566 238 1588 ,
248 1547 295 1580 vox
306 1530 349 1580 illa
360 1529 419 1580 fuit:
430 1531 588 1596 lacrymaeque
601 1548 642 1594 per
654 1546 696 1580 ora

94 1607 153 1668 Non
173 1611 212 1658 sua
225 1607 345 1658 fluxerunt
356 1627 362 1656 ι
374 1625 441 1670 meus
457 1611 549 1660 tantum
563 1609 661 1674 pristina
671 1614 767 1658 mansit.

93 1683 164 1745 Quid
180 1685 266 1736 faciat?
279 1701 399 1750 repetatne
411 1684 512 1745 domuin
524 1722 532 1744 ,
543 1687 632 1755 regalia
649 1690 723 1736 ecta?

92 1765 133 1812 An
153 1763 228 1812 latest
243 1763 323 1813 silvis?
345 1768 418 1814 timot
431 1766 494 1827 boc,
506 1763 583 1828 pudor
595 1763 697 1830 impedit
713 1763 783 1816 illud.
821 1779 865 1826 ²05

91 1839 166 1890 Dum
176 1839 275 1889 dubitat
287 1875 295 1902 ,
313 1839 393 1889 vidite
403 1857 471 1890 canes
481 1860 486 1888 ι
497 1845 632 1909 primusque
640 1842 793 1908 Melampus,

92 1919 290 1984 Ichnobapesque
302 1919 373 1982 sagax
385 1917 472 1982 latratu
482 1921 548 1982 signa
559 1917 644 1981 dedere
654 1937 662 1976 ·,

91 1997 212 2048 Gnossius
229 1997 391 2054 Ichnobates,
408 1995 523 2062 Spastqnal
538 2011 610 2062 gente
627 1995 770 2063 Melampus.

90 2073 152 2124 Inde
170 2091 245 2124 ruunt
260 2074 301 2123 alii
318 2072 402 2138 rapidis
416 2073 522 2140 velocitls
539 2073 614 2142 auri,

91 2155 259 2218 Pamphagus,
272 2156 296 2200 ὃ(
308 2153 418 2200 Dorceus
428 2186 435 2210 ,
445 2157 469 2218 ὃς
478 2153 599 2215 Qribasus3
609 2136 708 2222 Arcades
718 2167 866 2214 omues3zio

90 2231 324 2300 Nebrophonosque
333 2229 450 2296 valens&
458 2245 569 2298 truxcum
579 2231 670 2296 Laelape
680 2233 790 2294 Theron,

90 2309 123 2359 Et
132 2308 237 2373 pedihus
254 2307 370 2365 Pterelas,
383 2311 405 2356 &
418 2310 511 2358 ustibus
523 2308 590 2359 utilis
603 2309 677 2374 Agre,
766 2295 770 2304 ⁴

90 2387 243 2452 Hylaeusque
258 2386 309 2434 fero
317 2402 391 2450 nuper
402 2382 520 2450 perculsus
532 2386 560 2434 ab
572 2402 646 2450 apro,

90 2465 180 2530 Deque
201 2463 259 2528 lupo
270 2478 385 2530 concepta
399 2463 483 2528 Nape,
500 2461 647 2530 pecudesque
658 2465 738 2516 secuta

90 2544 229 2600 Poemenis,
248 2545 272 2590 δι
285 2544 346 2590 natis
358 2545 471 2590 comitata
483 2541 588 2610 Harpyia
598 2539 710 2604 duobus,
818 2549 865 2592 2¹5

91 2619 122 2669 Et
134 2620 258 2672 substrina
267 2635 348 2683 gerens
358 2621 479 2680 Sicyonius
490 2619 531 2668 ilia
543 2617 627 2670 Ladon
640 2637 648 2676 3

90 2695 123 2746 Et
134 2697 254 2748 Dromas,
264 2699 289 2744 ὃ(
298 2695 407 2754 Canace,
417 2698 547 2762 Sticteque,
561 2701 586 2746 δι
597 2698 691 2762 Tigris,
703 2701 727 2758 bt
739 2697 815 2758 Alce,

92 2773 125 2822 Et
140 2778 216 2822 niveis
229 2774 343 2831 Leucon,
359 2777 382 2838 pt
398 2773 460 2824 villis
473 2773 573 2824 Asbolus
587 2777 659 2834 atris,

93 2848 288 2915 Praevalidnsque
302 2851 395 2909 Lacon,
409 2855 433 2898 bt
446 2855 514 2899 curlu
527 2851 595 2899 fortis
606 2851 692 2910 Aello,

94 2925 127 2979 Et
140 2926 243 2988 Thous,
255 2931 279 2978 δι
291 2927 384 3002 Cyprio
395 2929 614 3006 velosucumfratte
626 2929 722 2992 Lycisce
735 2946 744 2988 ς
800 2927 802 2930 ’
820 2923 867 2958 ²²⁹

652 3005 674 3055 C
696 3009 719 3068 vj
