1980 3714
113 25 129 52 Ι

110 187 540 260 Marmorsrrosnos
554 187 592 258 L.
612 187 715 257 XIII.
735 211 777 276 29
784 213 806 276 9‘

79 305 117 360 Et
138 313 228 376 paritet
246 327 347 372 vocem,
367 311 530 378 lacrymasque
543 312 658 361 introrsus
675 311 772 360 obortas
808 323 857 368 t4o

79 385 197 439 Devorat
213 391 262 454 ipse
279 386 365 439 dolore
377 387 486 456 duroque
502 389 626 438 simillima
640 390 696 438 saxo

79 465 182 532 Torpet
192 471 231 516 a&
241 465 338 516 adversi
349 462 403 532 figit
413 465 490 516 modis
501 465 593 516 lumina
604 465 679 521 terri,

77 542 213 593 Interdum
229 559 310 594 torvos
326 544 429 594 sustollit
439 543 470 594 ad
484 547 572 594 athera
583 545 683 604 vultut;

78 615 159 671 Nunc
170 625 242 687 positi
252 622 339 687 spedat
348 621 461 682 vultum,
472 639 536 672 nunc
546 621 662 683 vulnera,
675 625 726 672 nati
739 639 746 680 ς
776 623 778 628 ’

75 698 193 749 Vulnera
202 698 318 766 praecipui
330 719 336 750 t
349 701 419 766 seque
431 715 507 750 armat
521 704 546 750 δι
556 701 649 750 instruit
660 699 705 750 iri.
794 705 850 756 '545

77 776 140 836 Qui
155 777 226 825 simul
238 780 339 837 exarsit,
356 775 479 842 tamquam
489 781 570 843 regina
581 791 706 838 maneret,

79 851 181 903 Ulcisci
194 854 274 910 statuit
285 871 293 914 3
308 871 432 920 poeuarque
442 859 467 904 in
476 857 582 920 imagine
593 869 645 905 tota
655 855 698 904 est¹

77 931 169 998 thue
184 932 241 982 furit
256 931 338 981 catulo
348 932 448 982 ludente
458 933 542 982 orbata
553 933 627 982 leaent
638 949 646 990 3

78 1008 803 1078 Signaqttrastapedum,sequitur‚quemnonvidet,lrostem;

78 1089 123 1137 Sic
141 1088 257 1148 Hecube,
274 1088 326 1153 post
339 1087 414 1154 quim
428 1105 484 1138 cum
496 1089 559 1138 lustu
577 1091 672 1138 miscuit
683 1092 760 1148 iram,
806 1099 856 1148 550

77 1165 145 1216 Non
159 1164 235 1215 oblita
246 1169 399 1226 animorum,
414 1178 531 1215 annorum
542 1166 619 1216 oblita
629 1167 743 1226 suorum,

77 1242 161 1294 Vadit
170 1242 201 1293 ad
210 1242 327 1294 artificem
338 1242 398 1294 ditae
404 1244 565 1307 Polymestore
576 1241 646 1293 cadis
655 1257 672 1302 ς’

81 1320 297 1388 colloquiumque
307 1323 367 1388 petit
377 1339 384 1370 t
396 1337 453 1370 nam
463 1325 486 1370 se
496 1321 627 1371 monstrare
636 1321 745 1371 relliium

77 1398 155 1446 Velle
173 1397 247 1448 latens
258 1399 318 1458 illi,
335 1397 403 1466 quod
419 1414 477 1449 nato
493 1397 618 1454 redderet,
634 1415 727 1449 autum.
754 1422 756 1426 ·

77 1473 197 1526 Credidit
209 1473 325 1538 Odrysius
338 1493 344 1525 t
355 1475 486 1542 praedaeque
495 1473 596 1526 affuetus
608 1493 689 1526 amore
806 1493 850 1540 55s

78 1555 110 1602 ln
125 1556 214 1604 secreta
228 1557 295 1605 venit
305 1573 310 1602 :
321 1570 377 1603 cum
385 1553 475 1604 blando
486 1553 586 1604 callidus
597 1571 656 1616 ore,
783 1617 785 1622 Ι

79 1633 157 1682 Tolle
174 1649 270 1692 moras,
286 1631 382 1681 Hecube
395 1667 404 1693 ,
423 1631 502 1682 dixit:
515 1630 546 1682 da
557 1648 655 1683 munera
667 1645 735 1682 nato.

80 1711 164 1760 Omne
176 1710 226 1760 fore
240 1709 304 1759 illius
312 1708 379 1776 quod
387 1708 444 1769 das,
456 1709 523 1776 quod
533 1715 557 1760 it
569 1727 625 1761 ante
635 1709 718 1761 dedilii
727 1747 738 1771 ,.

79 1791 129 1840 Per
141 1789 241 1853 Superos
252 1792 316 1854 juro.
328 1789 421 1852 Speiiat
432 1787 565 1836 truculenta
576 1787 735 1853 loquentem,

78 1867 196 1932 Falsaque
207 1870 345 1932 Jurantems
358 1862 499 1930 tumidique
511 1863 620 1913 exestuat
634 1863 670 1912 iri
681 1883 690 1924 ς
804 1882 854 1932 5‘0

79 1945 162 2009 Atque
177 1946 211 1993 ita
221 1956 358 2007 correptum
371 1944 518 2007 captivarum
534 1943 628 2005 agmine
639 1955 746 1992 matrum:
791 1993 794 2000 ,

79 2021 198 2080 involat,
211 2023 236 2070 δι
251 2017 340 2086 digitos
348 2021 374 2068 in
384 2016 475 2084 perfida
485 2018 577 2067 lumina
587 2017 691 2078 condit,
781 2017 788 2034 ‘

79 2098 252 2164 Exspoliatqut
262 2114 332 2164 genas
345 2097 439 2156 oculis,
453 2094 463 2163 (
476 2096 534 2146 lacit
544 2099 578 2146 ira
587 2096 708 2148 valentem
721 2129 729 2156 ,
746 2097 759 2163 )‘

80 2177 256 2242 immergitque
271 2191 368 2224 manus:
377 2172 517 2241 fodataque
528 2176 641 2240 sauguine
652 2175 714 2227 sonti

81 2256 144 2305 Non
156 2255 251 2314 lumen,
261 2269 337 2319 neque
345 2255 410 2302 enim
418 2253 532 2318 superest,
543 2253 595 2302 loca
604 2255 849 2315 nunrinishautinch

68 2340 70 2344 ’
80 2332 162 2385 Clade
173 2334 207 2381 sui
218 2334 340 2381 Thracum
353 2347 410 2398 gent
420 2333 511 2380 irritata
523 2335 617 2394 tyranni

81 2411 182 2462 Troada
198 2411 301 2460 telorum
320 2408 475 2476 lapidumque
486 2407 599 2459 inceffere
610 2411 672 2474 justu
749 2455 752 2460 .

80 2491 184 2555 Coepitr
196 2505 220 2538 at
229 2492 277 2538 hec
291 2485 387 2560 millum
399 2505 470 2537 rauco
479 2504 534 2536 cum
547 2504 668 2538 murmure
678 2489 763 2538 saxum:

79 2567 204 2619 Mortibus
215 2567 345 2632 insequitur
357 2584 362 2614 r
375 2567 480 2633 tiiiuque
492 2569 517 2615 in
528 2567 600 2618 verba
611 2571 694 2632 parato

80 2648 191 2697 Latravit
203 2680 210 2706 ‚
228 2659 314 2694 conata
330 2643 407 2710 loqui.
419 2645 497 2694 Locus
508 2644 594 2703 exstat,
606 2649 631 2694 δι
644 2661 671 2692 ex
681 2661 709 2693 te
798 2641 856 2698 *syo

81 2724 181 2774 Nomen
191 2724 263 2773 habet
275 2737 444 2788 :veterumque
456 2721 498 2770 diu
508 2737 602 2772 memor
615 2720 657 2770 illa
665 2719 805 2782 malorum,

82 2803 148 2852 Turn
160 2817 256 2867 quoque
274 2803 396 2850 Sithonios
408 2797 510 2848 ululavit
521 2797 600 2848 maella
610 2815 651 2864 per
659 2815 738 2866 agros·

83 2878 154 2928 illius
172 2879 296 2944 Troasque
314 2879 367 2926 litos
377 2910 386 2938 ,
398 2876 522 2942 hostesque
534 2876 661 2942 Pelasgos,

637 2953 699 3006 Nu
