2078 3708
230 256 296 314 126
373 247 416 316 P.
438 249 593 316 Ournrr
608 251 803 318 NAsours

180 368 189 400 ¹
194 369 327 434 9⁰llospita
338 382 363 419 tu
377 373 444 420 terris
456 388 534 430 erras,
551 388 613 436 ego,
630 370 708 432 dixit,
725 376 750 422 in
761 371 850 434 undis;

226 447 409 515 Instabilemque
422 450 503 498 locutu
511 449 586 498 Delos
599 448 675 500 dedit.
688 451 733 500 llln
743 449 838 500 duobus

143 527 146 534 ’
226 526 295 576 facta
304 543 387 590 parens
400 546 406 576 r
419 531 479 576 uteri
491 544 542 592 pars
557 529 589 576 est
601 530 649 577 haet
665 531 765 592 septima
779 528 865 580 nostri.

226 605 283 650 Sum
297 603 353 656 felix
365 624 371 654 t
384 609 437 671 quis
447 610 510 654 enim
521 621 591 671 neget
602 608 668 656 hoci
684 607 789 673 felixque
803 607 923 658 manebo.

226 681 281 730 Hoc
291 699 387 748 quoque
399 687 452 749 quis
464 681 575 737 dubitet?
592 699 668 734 tutam
680 701 719 734 ure
731 688 802 750 copia
812 685 882 734 fecit.

181 757 307 824 195Majot
319 761 389 820 suut,
408 761 481 828 quim
493 765 531 810 cui
541 766 615 826 possit
628 764 732 812 fortuna
743 779 839 812 nocere.

226 836 354 904 Multaque
367 855 394 888 ut
406 843 507 903 eripiet,
522 839 601 890 multo
616 845 674 890 mihi
687 841 755 906 plura
768 841 900 906 relinquet.

225 912 346 964 Excellere
358 933 449 968 metum
463 935 515 967 mea
527 923 575 982 jam
589 921 661 970 bona.
679 921 771 983 Fingite
787 917 854 968 demi

226 991 288 1040 Huic
298 992 390 1058 aliquid
405 996 495 1060 populo
509 1011 621 1044 natorum
634 994 700 1061 polle
714 1013 843 1056 meorum

226 1067 284 1118 Non
296 1087 375 1120 tamen
387 1071 553 1122 adnumerum
565 1073 657 1140 redigat
669 1074 769 1140 spoliato
781 1073 890 1127 duorum

180 1147 325 1200 tooLaronae
338 1170 343 1198 ι
358 1150 427 1200 tutbi
437 1168 486 1218 quo
496 1169 612 1217 quantum
625 1151 695 1203 distat
706 1153 736 1201 ab
746 1154 806 1201 orba
817 1155 827 1201 i

227 1225 263 1276 Ite
274 1230 342 1276 sacris
354 1247 360 1276 r
372 1245 495 1294 properate
507 1233 593 1289 socris3
609 1231 749 1297 laurumque
763 1231 857 1295 capillis

227 1306 322 1374 Ponite3
335 1307 485 1373 Deponunt,
503 1310 635 1376 infestaque
647 1312 710 1358 sacra
721 1311 864 1377 relinquunt
878 1329 884 1358 :

228 1383 348 1451 Quodque
360 1386 433 1446 licet,
450 1391 523 1440 tacito
535 1404 676 1438 venerantur
687 1405 810 1438 murmure
822 1405 922 1440 numen.

228 1461 355 1528 indignato
364 1465 416 1514 Dea
427 1467 459 1514 est
470 1485 476 1514 ι
489 1469 630 1536 summoque
642 1471 666 1516 in
677 1453 764 1516 iertice
776 1465 876 1530 Cynthi

183 1540 327 1589 205Talibus
338 1543 369 1594 est
379 1541 447 1592 ditiis
458 1545 555 1608 gemini
566 1561 621 1594 cum
633 1545 700 1612 prole
713 1546 802 1594 locuta.
834 1532 856 1620 r,

160 1679 162 1684 Ι
228 1618 265 1667 En
276 1635 321 1684 ego
331 1621 405 1669 vestra
416 1637 497 1685 pareus
508 1657 515 1679 ‚
531 1625 600 1672 vobis
612 1624 718 1674 animoso
730 1625 814 1672 crenis
825 1657 833 1681 ‚

229 1697 259 1746 Et
270 1701 315 1746 uisi
330 1697 437 1760 lunoni,
455 1700 516 1748 nulli
531 1699 737 1750 centimetrum
751 1734 757 1759 ,

229 1776 266 1826 Ao
279 1776 330 1826 Dea
340 1781 385 1826 sim
397 1813 404 1836 ‚
421 1771 518 1828 dubitor
532 1797 537 1826 t
550 1795 637 1845 perque
649 1781 730 1831 omnia
741 1777 820 1828 secula
832 1775 908 1826 euicit

230 1853 316 1904 rlrccor
329 1890 337 1914 ,
357 1853 372 1903 ci
385 1856 391 1904 l
406 1859 474 1910 nati,
493 1859 537 1906 nisi
549 1874 592 1906 vos
603 1859 737 1907 succurritis
750 1891 757 1915 ‚
774 1858 830 1906 aris.

183 1933 281 1986 zrollec
293 1931 363 1984 dolor
375 1936 413 1982 hic
425 1934 497 1984 solus.
511 1935 571 1984 Diro
583 1937 691 1984 convitia
703 1934 765 1990 facio

230 2011 337 2068 'fontalis
347 2011 434 2077 adjecit
446 2032 452 2060 r
464 2031 553 2080 vosque
565 2015 596 2062 est
606 2015 746 2078 postponere
757 2014 819 2062 narie

193 2106 196 2110 ·
229 2093 291 2140 Ausa
301 2093 346 2140 suis
358 2112 364 2140 ε
378 2096 402 2140 &
415 2109 470 2152 me,
485 2090 551 2158 quod
563 2095 587 2140 in
599 2094 673 2156 ipsum
687 2089 778 2144 recidat·
791 2125 800 2149 ‚
815 2091 904 2146 orbam

229 2168 315 2226 Dixit3
329 2173 353 2218 &
365 2172 471 2220 exhibuit
483 2171 589 2234 linguam
603 2169 715 2219 scelerata
727 2185 861 2233 paternam.

230 2245 355 2312 ddjedum
366 2263 445 2312 preces
458 2263 507 2296 erat
518 2250 553 2296 his
566 2249 658 2298 Latona
669 2247 747 2296 relatis
757 2263 765 2306 3

185 2340 210 2369 ιι
219 2325 319 2383 5Dcsine
330 2361 337 2384 ‚
349 2326 451 2386 Photbus
463 2329 497 2373 ait
507 2360 514 2383 ‚
525 2341 602 2388 poeuae
612 2343 680 2374 mota
692 2326 781 2392 longa,
794 2323 912 2388 querelae.

230 2403 299 2452 Dixit
311 2402 376 2453 idem
389 2405 494 2453 Phoebe:
507 2403 625 2468 celerique
636 2421 677 2468 per
689 2409 741 2452 a'era
753 2402 819 2466 lapsu

231 2481 392 2546 Contigerant
403 2485 458 2530 tedii
471 2479 608 2532 Cadmeida
619 2482 721 2530 nubibus
732 2495 820 2528 arcem.
858 2493 862 2502 ·

156 2607 160 2622 ,
231 2558 317 2608 Planus
329 2574 392 2614 erat.
406 2558 500 2625 latique
510 2575 592 2624 patens
603 2576 676 2624 prope
686 2560 776 2608 moenia
786 2572 903 2621 campus,

233 2634 337 2686 Assiduis
348 2636 452 2701 polsatus
464 2641 529 2702 equis
542 2656 549 2696 ;
562 2639 602 2686 ubi
615 2639 818 2694 commotarum,

183 2715 344 2780 nouumque
356 2715 493 2764 mollierunt
504 2717 615 2780 sobiessas
626 2715 715 2780 ungula
726 2715 806 2779 glebas
818 2733 825 2762 ε

233 2793 287 2843 Pars
301 2796 335 2841 ibi
350 2791 379 2842 de
394 2795 483 2858 septem
498 2798 583 2859 genitis
596 2796 728 2857 Amphione
740 2797 814 2841 forres

233 2869 407 2934 ¹Conscenduuc
417 2874 442 2920 in
454 2889 544 2937 equos,
559 2873 681 2936 Tyrioque
693 2871 802 2919 rubentia
814 2868 871 2918 fuco

234 2951 311 3019 Terga
321 2965 432 3020 premunt
442 2968 449 3010 3
466 2967 570 3023 auroque
581 2965 663 3020 graves
673 2946 829 3008 moderantur
839 2951 950 3005 habento
