1980 3714
107 265 583 371 Marrnonrnosaonu.
599 284 678 355 XV.
707 301 769 370 345

55 419 117 472 vidi
129 435 191 487 ego,
196 416 277 486 *quod
290 417 367 468 fuerat
378 413 502 482 quondam
513 409 655 460 solidissima
664 405 748 460 tellus,

56 496 113 549 Eue
130 501 227 549 fretum.
248 495 303 548 Vidi
315 496 385 548 fabius
396 511 424 543 cx
434 507 530 558 aequorc
543 505 629 540 terras:

55 578 89 628 Et
104 578 190 643 procul
205 594 219 625 a
230 577 314 641 pelago
324 575 439 624 conthae'
433 587 525 636 jacuere
535 569 652 623 matiuae;

56 655 89 705 Et
102 671 171 704 vetus
179 659 275 706 iuventa
285 653 335 703 est
328 669 354 702 ur
365 652 490 702 montibus
498 650 603 696 anchora
612 642 719 692 summit.
779 641 809 679 2⁶
814 648 825 692 i

56 731 180 798 Quodque
193 733 240 781 suit
250 747 365 796 campus,
381 729 471 778 vallem
482 725 593 776 decursus
603 735 718 787 aquatum

56 811 125 859 Fecit
137 830 142 857 :
157 815 181 858 bt
193 810 270 859 eluvie
282 825 351 860 ninus
362 808 394 856 est
404 804 533 856 deduiius
526 821 552 852 ru
562 817 664 868 equor,

56 885 125 953 Eque
143 885 259 952 paludosi
270 889 337 935 siccis
348 889 434 934 hurnus
445 898 495 934 aret
505 884 594 938 atenim
820 938 824 945 1

57 966 167 1031 Quaeque
183 967 247 1014 sitim
260 964 380 1023 tulerant,
396 963 500 1028 stagnata
511 957 637 1026 paludibus
648 959 756 1006 hument.

56 1043 106 1093 Hic
117 1042 197 1092 ldntes
209 1043 300 1094 Natura
309 1059 385 1092 novos
397 1045 495 1099 emisit;
509 1053 534 1088 at
549 1036 601 1087 illic
777 1033 823 1078 ²7⁰
846 1081 848 1084 .

55 1119 152 1181 Clausit
163 1124 169 1170 ἑ
181 1125 205 1172 bt
217 1125 320 1186 antiquis
331 1136 379 1170 tarn
392 1119 468 1169 multa
482 1118 625 1168 tremoribus
636 1115 704 1165 orbis

56 1199 170 1248 Flumina
183 1201 326 1265 prosiliunt3
341 1213 386 1247 'aut
397 1193 514 1249 desiccata
526 1193 640 1244 residunt.

57 1279 97 1327 Sic
108 1281 149 1326 ubi
161 1293 254 1327 terreno
268 1277 344 1340 Lycus
354 1277 386 1325 est
398 1291 481 1341 epotus
492 1277 558 1322 hiatu
564 1307 574 1332 ,

56 1356 153 1405 Exstruit
167 1355 250 1421 procul
267 1358 346 1416 hinc,
362 1355 458 1418 alioque
472 1353 602 1402 renascitur
613 1365 664 1398 ore.

56 1435 96 1482 Sic
111 1431 188 1482 modd
198 1434 360 1491 combibitur,
376 1427 621 1494 tellonroddgurgite
631 1427 708 1492 lapsus
777 1428 820 1474 ²75

56 1508 176 1560 Redditur
194 1511 312 1576 Argolicis
328 1513 410 1575 ingens
422 1509 535 1557 Erasinus
546 1510 572 1556 in
586 1507 673 1556 arvis„

56 1588 89 1637 Et
108 1589 207 1650 Myiurn
225 1591 355 1654 capitisque
367 1589 424 1646 sui,
440 1589 544 1652 ripaeque
556 1587 644 1650 prioris

56 1661 195 1715 Poenituiffe
211 1665 291 1714 ferunt
303 1700 310 1725 ‚
320 1665 366 1714 alii
380 1679 443 1714 nunc
455 1668 489 1713 ire
501 1699 509 1724 ,
524 1663 645 1714 careum„

56 1743 109 1793 Nec
124 1761 175 1793 non
193 1747 295 1793 Sicanias
312 1743 411 1793 volvens
429 1743 563 1791 Amenanus
582 1755 663 1790 arenae

56 1823 130 1874 Nunc
141 1824 214 1884 duit3
230 1821 352 1873 interdum
365 1824 491 1887 suppressit
509 1821 615 1870 lontibus
628 1835 686 1869 aret·
777 1799 825 1848 ¹³⁰

56 1903 120 1952 Ante
134 1904 259 1952 bibebatur
273 1935 281 1962 ,
300 1916 363 1950 nunc
375 1915 433 1964 quat
444 1901 581 1962 contingere
590 1897 654 1946 nolis
663 1931 675 1956 .,

56 1980 148 2030 Fundit
159 1983 260 2046 Anigros
270 1995 357 2046 aquare
367 1978 420 2044 poll
429 1975 520 2043 quim,
533 1978 580 2024 nisi
589 1977 687 2026 vatibus
694 1978 774 2026 omnis

55 2056 186 2124 Eripiende
197 2057 273 2116 fider,
285 2058 336 2106 illic
348 2057 425 2106 lavere
436 2055 581 2104 bimembres

54 2137 177 2191 Vulnera,
194 2136 368 2202 clavigerique
383 2135 471 2184 fecerat
483 2133 591 2183 Herculis
607 2147 683 2182 arcus,

56 2214 140 2276 Quid?
154 2232 203 2264 non
214 2219 239 2265 bt
251 2217 366 2277 Scythicis
378 2215 484 2278 Hypanis
497 2211 527 2263 de
538 2213 661 2262 montibus
671 2223 757 2270 ortus,
778 2215 822 2275 285
835 2267 838 2274 k

55 2293 114 2354 Qui·
129 2293 206 2342 fuerat
224 2291 319 2352 dulcis,
333 2293 418 2344 salibus
428 2295 526 2344 vitiatur
537 2293 631 2341 amaris.

54 2371 177 2419 fluetibus
194 2371 290 2420 ambitae
301 2369 398 2420 lucrant
415 2367 507 2420 Ancilla
519 2369 677 2435 Pharosque,

55 2448 88 2497 Et
105 2444 225 2497 Phoeniil'a
235 2447 327 2511 Tyros:
340 2461 441 2514 quarum
455 2460 518 2495 nunc
531 2445 607 2496 insula
617 2447 684 2498 nulla
698 2447 742 2496 eli

55 2523 168 2575 Leucada
183 2529 322 2576 continuam
336 2541 430 2576 veteres
442 2527 543 2576 habuere
555 2527 655 2585 coloni,

55 2605 129 2655 Nunc
146 2604 207 2654 freta
223 2607 353 2653 circueunt.
369 2603 457 2652 Zancle
475 2606 660 2680 quoqueJuncla
671 2600 741 2654 fuill'e
771 2605 827 2654 ²90

55 2683 154 2732 Dicitur
170 2681 260 2731 ltalia:
255 2679 349 2731 ·d0uet
361 2681 465 2730 confinia
476 2695 563 2747 pontus

56 2758 179 2818 Abstulit,
195 2763 220 2808 it
236 2757 315 2807 medii
326 2759 437 2808 tellurem
451 2758 540 2822 repulit
553 2755 626 2807 undd.

56 2838 82 2886 Si
98 2853 188 2902 quaeras
201 2835 301 2886 Helicen
312 2839 337 2885 bt
349 2835 437 2890 Burin,
457 2835 675 2900 Achaidesvurbet,

57 2916 167 2965 invenies
178 2916 221 2963 sub
233 2917 300 2982 aquis
311 2932 318 2962 a
329 2917 356 2963 δε
366 2911 444 2964 adhuc
456 2911 577 2963 ostendere
588 2931 667 2965 nautae

55 2993 174 3044 inclinata
184 2993 264 3044 solent
272 3006 331 3043 cum
339 2993 460 3044 moenilsus
473 2990 563 3058 oppida
573 2999 663 3042 mersis.
759 2993 821 3043 ,2295

630 3074 648 3121 P
657 3089 673 3124 v
