2056 3706
223 289 263 350 32
300 263 345 332 Ρ.
388 265 566 332 Ovtnrr
597 265 836 331 NAsonrt'

217 385 292 448 Quod
308 387 418 436 simulac
438 389 544 446 sensere,
555 399 644 445 rtur-nt,
658 388 788 451 tritumque
799 383 943 448 relinquunt

218 465 362 532 Quadrijugi
375 467 476 530 spatium
489 483 495 514 r
508 481 568 525 nec,
579 481 628 530 quo
639 467 719 529 prius,
731 461 816 512 ordine
827 474 938 510 currunt.

219 545 271 610 lpse
285 561 357 609 pavet
367 561 375 604 ς
386 561 430 593 nec
442 543 490 610 qni
503 542 641 594 commissas
655 543 733 592 fleeiat
746 544 865 600 habenas,

172 622 269 679 170Nec
284 625 343 682 scit,
356 621 404 688 qui
421 623 518 671 sititet:
530 639 589 681 nee,
603 626 621 670 si
634 623 707 680 sciat,
723 625 826 686 imperet
836 619 896 669 illis.

219 701 284 748 Tum
294 701 399 764 primtim
409 699 481 749 radiis
492 698 566 764 gelidi
576 700 668 750 caluere
679 701 800 758 Triones,

218 778 250 827 Et
259 781 336 826 vetito
347 777 431 826 frustra
445 793 568 828 tentarunt
580 793 675 844 aequore
685 779 756 843 tingi.

220 856 325 921 Quaeque
336 857 394 920 polo
404 859 481 920 posita
491 856 523 906 est
533 853 628 920 glaciali
636 859 744 922 proxitnn
757 856 873 920 Serpens,

221 935 316 1000 frigore
327 939 397 999 pigra.
408 934 470 999 pride
482 969 490 993 ‚
502 951 545 984 nec
558 933 721 984 formidabilis
733 932 791 988 ulli,

175 1012 321 1070 ¹75Incaluit
333 1032 338 1062 ε
351 1015 564 1078 ῑυῐηςίιςυοῃονας
575 1013 707 1062 fervoribus
720 1015 774 1062 irae.

220 1092 256 1140 'Fe
268 1107 363 1156 quoque
382 1094 504 1140 turbatum
513 1105 649 1140 memorant
661 1089 761 1155 fugisse,
773 1091 868 1152 linotet

221 1170 337 1230 Quamvis
352 1169 432 1219 tardus
444 1185 493 1218 erat
505 1205 514 1228 ,
526 1173 551 1218 δι
564 1184 586 1218 re
598 1184 638 1218 rua
651 1169 753 1232 plaustra
764 1171 887 1218 tenebant.

220 1249 256 1298 Ut
271 1235 337 1298 vein
349 1251 444 1297 summo
458 1247 563 1314 despexit
581 1248 610 1296 ab
625 1249 710 1296 aethere
730 1252 807 1296 tetrat'

221 1327 308 1376 Infelix
323 1327 463 1387 Phaethon,
482 1329 574 1390 punitur
591 1329 735 1391 penitusque
751 1329 877 1392 jacentem

176 1399 311 1453 :rorantur
322 1439 330 1463 ,
350 1407 374 1453 lie
385 1405 463 1452 subito
473 1419 550 1467 genua
560 1405 704 1453 intremuere
719 1407 805 1454 timore
816 1424 825 1452 ·.

221 1483 328 1548 Suntque
338 1481 414 1530 oculis
430 1482 532 1530 tenebrae
542 1498 583 1546 per
594 1497 688 1531 rantum
702 1483 784 1532 lumen
794 1484 898 1532 obortae.

220 1557 252 1608 Er
266 1563 315 1624 jam
331 1558 414 1608 mallet
431 1575 505 1624 equos
518 1575 651 1624 numquam
668 1558 768 1625 tetigisse
780 1577 912 1626 parernou

221 1637 321 1702 Jamque
332 1635 428 1702 agnosse
438 1653 511 1702 genus
521 1640 600 1704 piget,
613 1642 638 1686 lie
648 1636 747 1688 valuisse
759 1637 883 1702 rogandoe

221 1713 274 1762 Jam
292 1716 398 1780 Meropis
414 1714 463 1764 dici
479 1717 576 1780 cupiens
587 1751 594 1775 ,
606 1720 640 1765 ira
651 1716 742 1774 fertur,
757 1733 784 1766 ut
795 1720 846 1766 aeia

178 1780 341 1857 135l‘raetip'iti
357 1797 427 1858 pinus
443 1793 541 1854 noran·
556 1799 594 1843 cul
612 1797 673 1844 vilia
689 1799 781 1857 remisit

223 1870 297 1920 Frena
309 1873 362 1920 snus
372 1874 463 1930 reditur,
481 1889 554 1938 quam
571 1871 617 1922 Dis
632 1872 747 1940 votisque
754 1873 860 1939 reliquie.

223 1946 290 2010 Quid
301 1948 389 1998 faciat?
402 1950 507 2000 multum
519 1951 575 2000 coeli
585 1951 637 2016 post
650 1965 715 2016 terga
726 1951 854 2012 relieinrnt

223 2028 285 2076 Ante
300 2028 384 2077 oculos
396 2029 449 2093 plus
460 2031 500 2077 est.
515 2031 604 2078 Animo
618 2032 718 2078 metitur
732 2044 877 2096 utrumquer

224 2105 254 2154 Et
271 2105 363 2164 modd,
375 2123 435 2170 quos
447 2107 483 2154 illi
495 2107 546 2156 fato
557 2109 695 2170 contingere
710 2123 762 2156 non
778 2107 828 2166 en,

178 2186 341 2247 ¹90Prospicit
353 2183 468 2233 Occasust
478 2182 599 2233 interdum
607 2185 702 2248 respicit
713 2183 795 2234 Oreus.

224 2259 340 2328 Quidque·
353 2275 408 2326 agat
421 2264 533 2326 ignarus,
546 2263 638 2326 stupet:
657 2267 682 2310 lic
696 2279 740 2312 nec
749 2262 815 2312 frena
825 2266 943 2327 remittit,

223 2339 275 2390 Nec
282 2343 383 2389 retinere
393 2339 457 2390 valet
466 2358 473 2388 e
481 2356 525 2391 nec
536 2344 635 2389 nomina
645 2344 714 2398 novit
725 2357 852 2408 equorum.

224 2421 305 2484 Sparsa
322 2416 421 2484 quoque
430 2421 455 2471 iu
464 2422 533 2468 vario
543 2421 630 2483 passim
643 2419 758 2470 miracula
771 2421 836 2469 coelo
848 2456 856 2484 ‚

222 2497 395 2562 vastarumque
410 2494 476 2546 videt
489 2495 593 2562 trepidus
609 2497 735 2546 simulacra
750 2496 866 2552 serarum.

179 2575 264 2642 ¹25Est
274 2575 341 2624 locus
353 2609 360 2633 ‚
377 2578 402 2622 in
414 2578 521 2639 geminos
536 2577 575 2624 ubi
585 2577 680 2627 braama
692 2590 888 2626 concavitatem

225 2657 335 2719 Scorpios
345 2671 353 2712 3
365 2657 406 2712 &,
420 2651 496 2702 caudi
507 2653 621 2720 flexisque
630 2652 753 2720 utrimque
762 2654 874 2714 lacertis,

227 2733 331 2796 Porrigir
341 2735 366 2780 in
381 2733 483 2797 spatium
494 2735 617 2797 tignorum
630 2733 737 2781 membra
747 2729 862 2782 duorum.

228 2810 299 2860 Hunc
309 2827 366 2875 puer
380 2825 422 2869 nt,
433 2813 496 2876 nigri
507 2808 631 2860 madidum
643 2808 726 2858 sudore
740 2812 825 2859 ueneni
832 2844 844 2870 ,

228 2887 335 2936 Vulnera
346 2888 443 2938 curvari
455 2892 608 2938 minitantem
619 2886 731 2952 cuspide,
743 2885 821 2945 vidit3
911 2915 912 2918 =

180 2968 317 3020 monentis
333 2969 422 3034 inops,
438 2965 519 3034 gelidi
529 2964 659 3018 formidine
670 2965 722 3020 lora
737 2967 841 3028 remisit,
