1980 3714
99 265 527 340 lisnTArronrrrosnorv
540 271 577 338 L.
595 273 676 342 XV.
702 298 716 362 3
725 295 739 366 5
750 296 765 364 5

39 381 90 436 sed
102 401 146 434 nor
162 386 296 436 obstitimus
306 407 312 436 r
326 391 434 454 quamvir
444 395 593 455 conjuniiior
601 393 646 444 ilio

40 461 126 514 Nemo
138 467 199 514 mihi
217 465 257 516 est.
271 467 320 515 Vos
329 467 394 518 Urbe
403 471 482 518 virum
490 472 625 534 prohibete,
638 472 743 534 Quidter
754 477 815 535 3⁶0³

41 541 89 591 Vei
103 577 112 602 ,
129 547 148 592 si
160 543 245 610 dignus
257 548 301 594 erit
313 582 321 606 ,
335 548 444 610 gravibus
454 550 544 598 vincite
555 553 643 600 catenis
650 567 660 610 3

39 623 90 670 Aut
106 620 174 671 finite
185 639 276 674 metum
288 623 367 674 fatalis
377 641 455 675 morte
469 630 574 688 tyranni.

39 699 131 758 Qualia
149 703 271 751 succinsiis
285 737 293 764 ,
313 705 354 751 ubi
367 715 426 752 trux.
435 695 543 754 ineibilat
553 705 648 767 Eurus,

37 775 169 827 Murmura
187 781 272 844 pinetis
287 778 365 841 siunt,
377 795 418 832 aut
432 782 513 848 qualia
532 781 615 834 fluum

37 856 158 922 AEquorei
175 855 283 917 faciunt,
295 861 377 925 siquis
388 859 472 924 procui
482 858 564 910 audiat
574 861 650 921 ilion
763 857 807 910 ‘05

37 935 101 984 Tale
113 937 181 985 sonat
191 936 301 1002 populus.
313 936 358 986 Sed
369 954 411 1002 per
421 937 520 988 confusa
531 938 655 990 frementis

35 1011 120 1062 Verba
131 1027 212 1064 tamen
222 1014 288 1080 vulgi
303 1031 350 1066 vox
364 1019 454 1065 eminet
466 1033 527 1072 una,
543 1017 603 1077 Quis
614 1017 673 1068 illei

35 1089 68 1141 Et
79 1093 185 1158 speiiant
196 1092 286 1142 frontes
298 1112 303 1142 :
316 1091 472 1161 praedistaque
489 1111 578 1145 cornua
589 1111 706 1161 querunt.

36 1169 126 1218 Rursur
134 1167 167 1220 ad
178 1173 221 1219 hos
232 1169 318 1236 Cipus,
330 1171 409 1232 Quem
419 1175 533 1236 poscitis,
545 1175 641 1238 inquit,
653 1176 755 1233 bebetis

35 1245 67 1293 Et
80 1279 88 1304 ,
104 1241 186 1294 demti
201 1247 272 1309 capiti
283 1277 291 1303 ,
304 1245 395 1310 populo
404 1246 563 1310 prohibente,
576 1245 686 1308 corona,
758 1247 773 1284 ὅ
779 1255 805 1288 ¹0

34 1322 150 1372 Exhibuit
163 1325 260 1386 gemino
270 1325 393 1387 praerignia
402 1338 511 1387 tempora
522 1339 606 1372 cornu.

33 1399 158 1450 Demisere
176 1401 260 1450 oculos
271 1417 374 1461 omnes,
391 1405 555 1466 gemitumque
569 1399 671 1460 dedere,

34 1479 114 1544 Atque
124 1476 186 1527 illud
201 1481 291 1527 meritis
302 1478 394 1527 clarum
406 1513 414 1536 ,
427 1477 437 1545 (
447 1482 500 1546 quis
511 1477 607 1530 credere
616 1483 691 1545 poerit
704 1483 712 1530 i
723 1481 733 1554 )

33 1556 105 1605 Inviti
114 1554 193 1606 vidire
205 1571 275 1622 caput
287 1575 293 1604 z
306 1572 350 1606 nec
362 1559 453 1606 honore
467 1573 545 1606 terere
812 1615 815 1622 ¹

32 1633 140 1683 Ulteriuis
150 1637 210 1701 passi
222 1669 231 1695 ,
248 1634 330 1684 festam
340 1637 474 1699 imposuere
485 1649 610 1686 coronam.
751 1636 795 1688 ⁴¹5

31 1715 63 1762 At
81 1730 190 1778 proceres
201 1747 209 1772 ,
221 1716 336 1778 quoniam
347 1729 428 1761 muros
439 1716 526 1763 intrare
535 1716 621 1764 vetaris
633 1747 642 1774 ,

31 1792 101 1840 Ruris
122 1793 234 1841 honorari
253 1804 346 1839 tanturn
363 1791 426 1848 tibi,
445 1789 525 1854 Cipe,
544 1788 647 1851 dedere,

30 1869 154 1929 Quantum
169 1866 275 1932 depresso
292 1869 399 1930 subiestit
409 1869 484 1915 bubus
496 1881 574 1918 aratro

29 1947 166 2012 Complcsii
181 1945 257 2013 posses
269 1944 299 1995 ad
310 1944 382 1994 finem
396 1945 455 1994 Solis
468 1947 572 1994 abortu.

27 2025 175 2094 Cornuaque
189 2028 264 2074 aeratis
277 2057 284 2082 ‚
296 2027 383 2074 miram
394 2023 519 2072 reserentir
530 2022 651 2078 sormam,
691 2057 694 2064 -
746 2031 793 2071 eto

27 2104 136 2155 Postibus
146 2101 299 2168 insculpunt,
313 2101 415 2167 longum
426 2102 535 2150 mensura
547 2115 587 2165 per
598 2117 687 2152 evum.

59 2261 160 2312 Pandite
171 2277 251 2322 nunc,
264 2261 357 2319 Musae,
370 2261 493 2327 presentia
502 2262 602 2310 numina
616 2275 718 2323 vatum,

24 2345 94 2392 Scitis
111 2344 191 2396 enim,
203 2356 247 2389 nec
260 2357 303 2390 vos
316 2339 380 2389 saliit
390 2341 492 2403 spatiosa
501 2339 617 2394 vetusius,

24 2417 96 2470 Unde
115 2415 273 2478 Coroniden,
290 2415 430 2466 circumflua
450 2415 557 2468 Tibridir
571 2417 657 2480 alueo,

23 2498 104 2547 Insula
124 2495 247 2545 Romule:
261 2497 331 2544 sacris
349 2494 475 2546 adsciverit
490 2495 563 2546 urbis.

54 2577 117 2624 Diva
135 2575 184 2624 lues
194 2571 316 2640 quondam
329 2573 406 2622 Latiar
416 2576 541 2624 vitiaverat
551 2591 617 2626 auras
627 2609 635 2634 ,

21 2651 159 2718 Pallidrque
177 2653 288 2718 exsangui
299 2651 440 2718 squalebant
450 2666 551 2716 corpora
561 2655 627 2702 tabo.

21 2731 150 2782 funeribus
172 2728 226 2778 ferri
242 2728 294 2795 post
310 2726 385 2798 quim
404 2729 515 2780 mortalia
529 2744 630 2780 cernunt
674 2757 677 2764 ·

22 2811 181 2860 Tentamenta
194 2807 268 2866 nihil,
280 2806 340 2856 nihii
351 2819 412 2856 atter
422 2803 488 2871 posse
499 2804 653 2864 medentrim3
678 2809 680 2824 '

740 2485 784 2538 625

20 2886 141 2936 Auxilium
152 2885 245 2934 coeleste
260 2898 362 2950 petunt:
375 2883 527 2950 mediamque
539 2899 643 2933 tenentes
735 2898 782 2953 σς.

20 2967 91 3019 Orbis
107 2966 209 3017 bunum
220 2963 328 3036 Delphos
342 2960 443 3018 adeunt.
456 2962 552 3016 oracula
563 2957 667 3022 Phoebi's
