<?xml version="1.0" encoding="UTF-8"?>
<!DOCTYPE html PUBLIC "-//W3C//DTD XHTML 1.0 Transitional//EN"
    "http://www.w3.org/TR/xhtml1/DTD/xhtml1-transitional.dtd">
<html xmlns="http://www.w3.org/1999/xhtml" xml:lang="en" lang="en">
 <head>
  <title>
</title>
<meta http-equiv="Content-Type" content="text/html;charset=utf-8" />
  <meta name='ocr-system' content='tesseract 3.04.00' />
  <meta name='ocr-capabilities' content='ocr_page ocr_carea ocr_par ocr_line ocrx_word'/>
</head>
<body>
  <div class='ocr_page' id='page_1' title='image "./povidiinasoniso06ovidgoog_0074.png"; bbox 0 0 2056 3706; ppageno 0'>
   <div class='ocr_carea' id='block_1_1' title="bbox 136 232 805 322">
    <p class='ocr_par' dir='ltr' id='par_1_1' title="bbox 136 232 805 322">
     <span class='ocr_line' id='line_1_1' title="bbox 136 232 805 322; baseline -0.009 -16"><span class='ocrx_word' id='word_1_1' title='bbox 136 241 571 307; x_wconf 70' lang='lat' dir='ltr'>Maranomnostou</span> <span class='ocrx_word' id='word_1_2' title='bbox 595 232 633 300; x_wconf 85' lang='lat' dir='ltr'>L.</span> <span class='ocrx_word' id='word_1_3' title='bbox 657 233 725 302; x_wconf 83' lang='lat' dir='ltr'><em>III.</em></span> <span class='ocrx_word' id='word_1_4' title='bbox 765 241 805 322; x_wconf 84' lang='lat'>65</span> 
     </span>
    </p>
   </div>
   <div class='ocr_carea' id='block_1_2' title="bbox 82 347 857 662">
    <p class='ocr_par' dir='ltr' id='par_1_2' title="bbox 82 347 857 580">
     <span class='ocr_line' id='line_1_2' title="bbox 82 347 857 423; baseline -0.012 -17"><span class='ocrx_word' id='word_1_5' title='bbox 82 358 187 408; x_wconf 81' lang='lat' dir='ltr'>Perstat</span> <span class='ocrx_word' id='word_1_6' title='bbox 200 377 207 407; x_wconf 75' lang='grc' dir='ltr'><strong>ε</strong></span> <span class='ocrx_word' id='word_1_7' title='bbox 222 362 246 408; x_wconf 86' lang='lat'>&amp;</span> <span class='ocrx_word' id='word_1_8' title='bbox 258 357 351 408; x_wconf 78' lang='lat' dir='ltr'>alterna</span> <span class='ocrx_word' id='word_1_9' title='bbox 362 355 476 423; x_wconf 79' lang='lat' dir='ltr'>deceptus</span> <span class='ocrx_word' id='word_1_10' title='bbox 488 359 595 421; x_wconf 83' lang='lat' dir='ltr'>imagine</span> <span class='ocrx_word' id='word_1_11' title='bbox 610 355 692 412; x_wconf 68' lang='lat' dir='ltr'>ancisa</span> <span class='ocrx_word' id='word_1_12' title='bbox 814 347 857 412; x_wconf 74' lang='lat'>385</span> 
     </span>
     <span class='ocr_line' id='line_1_3' title="bbox 85 437 714 503; baseline -0.008 -16"><span class='ocrx_word' id='word_1_13' title='bbox 85 437 146 487; x_wconf 85' lang='lat' dir='ltr'>Huc</span> <span class='ocrx_word' id='word_1_14' title='bbox 161 443 286 497; x_wconf 88' lang='lat' dir='ltr'>co&#39;e&#39;amus,</span> <span class='ocrx_word' id='word_1_15' title='bbox 299 441 343 487; x_wconf 79' lang='lat' dir='ltr'>ait:</span> <span class='ocrx_word' id='word_1_16' title='bbox 354 437 464 503; x_wconf 83' lang='lat' dir='ltr'>nullique</span> <span class='ocrx_word' id='word_1_17' title='bbox 475 437 590 484; x_wconf 80' lang='lat' dir='ltr'>libentius</span> <span class='ocrx_word' id='word_1_18' title='bbox 600 447 714 499; x_wconf 88' lang='lat' dir='ltr'>umquam</span> 
     </span>
     <span class='ocr_line' id='line_1_4' title="bbox 87 513 681 580; baseline -0.003 -16"><span class='ocrx_word' id='word_1_19' title='bbox 87 515 239 580; x_wconf 79' lang='lat' dir='ltr'>Responsura</span> <span class='ocrx_word' id='word_1_20' title='bbox 257 518 335 576; x_wconf 93' lang='lat' dir='ltr'>sono,</span> <span class='ocrx_word' id='word_1_21' title='bbox 349 514 472 566; x_wconf 88' lang='lat' dir='ltr'>Co&#39;e&#39;amus</span> <span class='ocrx_word' id='word_1_22' title='bbox 482 514 587 575; x_wconf 58' lang='lat' dir='ltr'>„retulit</span> <span class='ocrx_word' id='word_1_23' title='bbox 600 513 681 570; x_wconf 75' lang='lat' dir='ltr'>Ethoa</span> 
     </span>
    </p>

    <p class='ocr_par' dir='ltr' id='par_1_3' title="bbox 89 590 656 662">
     <span class='ocr_line' id='line_1_5' title="bbox 89 590 656 662; baseline -0.005 -20"><span class='ocrx_word' id='word_1_24' title='bbox 89 593 122 642; x_wconf 87' lang='lat' dir='ltr'>Et</span> <span class='ocrx_word' id='word_1_25' title='bbox 134 595 211 644; x_wconf 83' lang='lat' dir='ltr'>verbis</span> <span class='ocrx_word' id='word_1_26' title='bbox 226 595 291 644; x_wconf 82' lang='lat' dir='ltr'>favet</span> <span class='ocrx_word' id='word_1_27' title='bbox 302 597 353 662; x_wconf 86' lang='lat' dir='ltr'>ipsa</span> <span class='ocrx_word' id='word_1_28' title='bbox 364 597 411 643; x_wconf 82' lang='lat' dir='ltr'>suis</span> <span class='ocrx_word' id='word_1_29' title='bbox 423 613 428 642; x_wconf 75' lang='grc' dir='ltr'><strong>ε</strong></span> <span class='ocrx_word' id='word_1_30' title='bbox 442 590 579 658; x_wconf 74' lang='lat' dir='ltr'>egressaque</span> <span class='ocrx_word' id='word_1_31' title='bbox 591 591 656 640; x_wconf 80' lang='lat' dir='ltr'>silvis</span> 
     </span>
    </p>
   </div>
   <div class='ocr_carea' id='block_1_3' title="bbox 79 670 859 2067">
    <p class='ocr_par' dir='ltr' id='par_1_4' title="bbox 86 670 623 740">
     <span class='ocr_line' id='line_1_6' title="bbox 86 670 623 740; baseline -0.002 -21"><span class='ocrx_word' id='word_1_32' title='bbox 86 671 156 731; x_wconf 87' lang='lat' dir='ltr'>ibat,</span> <span class='ocrx_word' id='word_1_33' title='bbox 173 689 200 722; x_wconf 91' lang='lat' dir='ltr'>ut</span> <span class='ocrx_word' id='word_1_34' title='bbox 210 676 322 737; x_wconf 84' lang='lat' dir='ltr'>injiceret</span> <span class='ocrx_word' id='word_1_35' title='bbox 334 676 428 740; x_wconf 90' lang='lat' dir='ltr'>sperato</span> <span class='ocrx_word' id='word_1_36' title='bbox 441 674 538 721; x_wconf 86' lang='lat' dir='ltr'>brachia</span> <span class='ocrx_word' id='word_1_37' title='bbox 547 670 623 719; x_wconf 91' lang='lat' dir='ltr'>collo.</span> 
     </span>
    </p>

    <p class='ocr_par' dir='ltr' id='par_1_5' title="bbox 82 747 859 895">
     <span class='ocr_line' id='line_1_7' title="bbox 84 747 859 818; baseline -0.008 -21"><span class='ocrx_word' id='word_1_38' title='bbox 84 749 129 798; x_wconf 90' lang='lat' dir='ltr'>llle</span> <span class='ocrx_word' id='word_1_39' title='bbox 141 750 203 816; x_wconf 79' lang='lat' dir='ltr'>fugit</span> <span class='ocrx_word' id='word_1_40' title='bbox 213 769 219 800; x_wconf 80' lang='lat' dir='ltr'>t</span> <span class='ocrx_word' id='word_1_41' title='bbox 230 752 394 818; x_wconf 83' lang='lat' dir='ltr'>fugiensque,</span> <span class='ocrx_word' id='word_1_42' title='bbox 413 752 502 800; x_wconf 85' lang='lat' dir='ltr'>Manus</span> <span class='ocrx_word' id='word_1_43' title='bbox 514 747 680 814; x_wconf 76' lang='lat' dir='ltr'>complexibus</span> <span class='ocrx_word' id='word_1_44' title='bbox 693 747 758 796; x_wconf 87' lang='lat' dir='ltr'>aufer</span> <span class='ocrx_word' id='word_1_45' title='bbox 771 764 778 806; x_wconf 79' lang='lat'>3</span> <span class='ocrx_word' id='word_1_46' title='bbox 814 759 859 805; x_wconf 75' lang='lat'>³9⁰</span> 
     </span>
     <span class='ocr_line' id='line_1_8' title="bbox 82 825 735 895; baseline -0.003 -20"><span class='ocrx_word' id='word_1_47' title='bbox 82 829 146 877; x_wconf 81' lang='lat' dir='ltr'>Ante</span> <span class='ocrx_word' id='word_1_48' title='bbox 159 863 167 888; x_wconf 93' lang='lat'>‚</span> <span class='ocrx_word' id='word_1_49' title='bbox 181 832 234 888; x_wconf 89' lang='lat' dir='ltr'>ait,</span> <span class='ocrx_word' id='word_1_50' title='bbox 248 833 370 889; x_wconf 87' lang='lat' dir='ltr'>emoriar,</span> <span class='ocrx_word' id='word_1_51' title='bbox 388 829 463 895; x_wconf 82' lang='lat' dir='ltr'>quim</span> <span class='ocrx_word' id='word_1_52' title='bbox 476 831 506 877; x_wconf 91' lang='lat' dir='ltr'>sit</span> <span class='ocrx_word' id='word_1_53' title='bbox 516 829 561 876; x_wconf 89' lang='lat' dir='ltr'>tibi</span> <span class='ocrx_word' id='word_1_54' title='bbox 572 829 642 892; x_wconf 90' lang='lat' dir='ltr'>copia</span> <span class='ocrx_word' id='word_1_55' title='bbox 653 825 735 874; x_wconf 87' lang='lat' dir='ltr'>nostri.</span> 
     </span>
    </p>

    <p class='ocr_par' dir='ltr' id='par_1_6' title="bbox 80 903 669 970">
     <span class='ocr_line' id='line_1_9' title="bbox 80 903 669 970; baseline -0.003 -16"><span class='ocrx_word' id='word_1_56' title='bbox 80 903 177 956; x_wconf 83' lang='lat' dir='ltr'>Retulit</span> <span class='ocrx_word' id='word_1_57' title='bbox 187 907 230 957; x_wconf 88' lang='lat' dir='ltr'>illa</span> <span class='ocrx_word' id='word_1_58' title='bbox 237 909 316 969; x_wconf 88' lang='lat' dir='ltr'>nihil,</span> <span class='ocrx_word' id='word_1_59' title='bbox 329 911 377 957; x_wconf 92' lang='lat' dir='ltr'>nisi</span> <span class='ocrx_word' id='word_1_60' title='bbox 387 943 395 968; x_wconf 92' lang='lat'><strong><em>‚</em></strong></span> <span class='ocrx_word' id='word_1_61' title='bbox 406 909 442 957; x_wconf 85' lang='lat' dir='ltr'>Sit</span> <span class='ocrx_word' id='word_1_62' title='bbox 451 908 495 956; x_wconf 90' lang='lat' dir='ltr'>tibi</span> <span class='ocrx_word' id='word_1_63' title='bbox 505 909 575 970; x_wconf 86' lang='lat' dir='ltr'>copia</span> <span class='ocrx_word' id='word_1_64' title='bbox 586 904 669 954; x_wconf 82' lang='lat' dir='ltr'>nostri.</span> 
     </span>
    </p>

    <p class='ocr_par' dir='ltr' id='par_1_7' title="bbox 83 980 732 1130">
     <span class='ocr_line' id='line_1_10' title="bbox 83 980 732 1052; baseline -0.008 -18"><span class='ocrx_word' id='word_1_65' title='bbox 83 987 167 1051; x_wconf 83' lang='lat' dir='ltr'>Spreta</span> <span class='ocrx_word' id='word_1_66' title='bbox 176 987 233 1036; x_wconf 87' lang='lat' dir='ltr'>latet</span> <span class='ocrx_word' id='word_1_67' title='bbox 248 988 337 1042; x_wconf 87' lang='lat' dir='ltr'>silvis,</span> <span class='ocrx_word' id='word_1_68' title='bbox 350 983 538 1052; x_wconf 84' lang='lat' dir='ltr'>pudibundaque</span> <span class='ocrx_word' id='word_1_69' title='bbox 552 980 677 1032; x_wconf 83' lang='lat' dir='ltr'>frondibus</span> <span class='ocrx_word' id='word_1_70' title='bbox 689 997 732 1030; x_wconf 86' lang='lat' dir='ltr'>ora</span> 
     </span>
     <span class='ocr_line' id='line_1_11' title="bbox 83 1065 611 1130; baseline -0.008 -17"><span class='ocrx_word' id='word_1_71' title='bbox 83 1065 194 1130; x_wconf 79' lang='lat' dir='ltr'>Protegit</span> <span class='ocrx_word' id='word_1_72' title='bbox 207 1085 213 1114; x_wconf 78' lang='grc' dir='ltr'><strong>ι</strong></span> <span class='ocrx_word' id='word_1_73' title='bbox 224 1071 247 1116; x_wconf 75' lang='lat' dir='ltr'>bt</span> <span class='ocrx_word' id='word_1_74' title='bbox 258 1065 318 1115; x_wconf 89' lang='lat' dir='ltr'>solis</span> <span class='ocrx_word' id='word_1_75' title='bbox 329 1081 358 1114; x_wconf 82' lang='lat' dir='ltr'>ex</span> <span class='ocrx_word' id='word_1_76' title='bbox 369 1065 413 1114; x_wconf 86' lang='lat' dir='ltr'>illo</span> <span class='ocrx_word' id='word_1_77' title='bbox 420 1067 482 1115; x_wconf 84' lang='lat' dir='ltr'>vivit</span> <span class='ocrx_word' id='word_1_78' title='bbox 491 1067 517 1112; x_wconf 89' lang='lat' dir='ltr'>in</span> <span class='ocrx_word' id='word_1_79' title='bbox 528 1065 611 1112; x_wconf 85' lang='lat' dir='ltr'>antris.</span> 
     </span>
    </p>

    <p class='ocr_par' dir='ltr' id='par_1_8' title="bbox 85 1138 856 1285">
     <span class='ocr_line' id='line_1_12' title="bbox 85 1138 856 1205; baseline -0.003 -15"><span class='ocrx_word' id='word_1_80' title='bbox 85 1141 134 1192; x_wconf 86' lang='lat' dir='ltr'>Sed</span> <span class='ocrx_word' id='word_1_81' title='bbox 150 1158 232 1191; x_wconf 88' lang='lat' dir='ltr'>tamen</span> <span class='ocrx_word' id='word_1_82' title='bbox 242 1146 320 1192; x_wconf 72' lang='lat' dir='ltr'>haret</span> <span class='ocrx_word' id='word_1_83' title='bbox 331 1159 417 1202; x_wconf 87' lang='lat' dir='ltr'>amor,</span> <span class='ocrx_word' id='word_1_84' title='bbox 429 1143 560 1205; x_wconf 80' lang='lat' dir='ltr'>crescitque</span> <span class='ocrx_word' id='word_1_85' title='bbox 575 1138 661 1189; x_wconf 84' lang='lat' dir='ltr'>dolore</span> <span class='ocrx_word' id='word_1_86' title='bbox 670 1138 777 1202; x_wconf 76' lang='lat' dir='ltr'>repulsa.</span> <span class='ocrx_word' id='word_1_87' title='bbox 814 1144 856 1188; x_wconf 70' lang='lat'>395</span> 
     </span>
     <span class='ocr_line' id='line_1_13' title="bbox 87 1219 648 1285; baseline 0 -19"><span class='ocrx_word' id='word_1_88' title='bbox 87 1220 223 1269; x_wconf 81' lang='lat' dir='ltr'>Attenuant</span> <span class='ocrx_word' id='word_1_89' title='bbox 230 1221 317 1285; x_wconf 79' lang='lat' dir='ltr'>vigiles</span> <span class='ocrx_word' id='word_1_90' title='bbox 329 1235 416 1285; x_wconf 87' lang='lat' dir='ltr'>corpus</span> <span class='ocrx_word' id='word_1_91' title='bbox 425 1219 559 1267; x_wconf 80' lang='lat' dir='ltr'>miserabile</span> <span class='ocrx_word' id='word_1_92' title='bbox 569 1231 648 1274; x_wconf 83' lang='lat' dir='ltr'>curae;</span> 
     </span>
    </p>

    <p class='ocr_par' dir='ltr' id='par_1_9' title="bbox 87 1296 689 1364">
     <span class='ocr_line' id='line_1_14' title="bbox 87 1296 689 1364; baseline -0.003 -19"><span class='ocrx_word' id='word_1_93' title='bbox 87 1296 242 1364; x_wconf 83' lang='lat' dir='ltr'>Adducitque</span> <span class='ocrx_word' id='word_1_94' title='bbox 255 1315 338 1349; x_wconf 90' lang='lat' dir='ltr'>curem</span> <span class='ocrx_word' id='word_1_95' title='bbox 353 1302 440 1347; x_wconf 85' lang='lat' dir='ltr'>macies</span> <span class='ocrx_word' id='word_1_96' title='bbox 451 1315 459 1356; x_wconf 91' lang='lat'>;</span> <span class='ocrx_word' id='word_1_97' title='bbox 475 1301 500 1346; x_wconf 77' lang='lat' dir='ltr'>bt</span> <span class='ocrx_word' id='word_1_98' title='bbox 511 1301 536 1345; x_wconf 90' lang='lat' dir='ltr'>in</span> <span class='ocrx_word' id='word_1_99' title='bbox 549 1302 601 1345; x_wconf 88' lang='lat' dir='ltr'>a&#39;e&#39;ra</span> <span class='ocrx_word' id='word_1_100' title='bbox 609 1298 689 1344; x_wconf 84' lang='lat' dir='ltr'>succus</span> 
     </span>
    </p>

    <p class='ocr_par' dir='ltr' id='par_1_10' title="bbox 85 1372 806 1520">
     <span class='ocr_line' id='line_1_15' title="bbox 88 1372 806 1441; baseline -0.006 -15"><span class='ocrx_word' id='word_1_101' title='bbox 88 1373 205 1440; x_wconf 88' lang='lat' dir='ltr'>Corporis</span> <span class='ocrx_word' id='word_1_102' title='bbox 213 1381 292 1426; x_wconf 86' lang='lat' dir='ltr'>omnis</span> <span class='ocrx_word' id='word_1_103' title='bbox 300 1379 351 1426; x_wconf 89' lang='lat' dir='ltr'>abit</span> <span class='ocrx_word' id='word_1_104' title='bbox 362 1395 368 1424; x_wconf 92' lang='lat'><strong>:</strong></span> <span class='ocrx_word' id='word_1_105' title='bbox 380 1393 428 1427; x_wconf 84' lang='lat' dir='ltr'>vox</span> <span class='ocrx_word' id='word_1_106' title='bbox 439 1377 531 1426; x_wconf 81' lang='lat' dir='ltr'>tannim</span> <span class='ocrx_word' id='word_1_107' title='bbox 539 1391 610 1441; x_wconf 89' lang='lat' dir='ltr'>atque</span> <span class='ocrx_word' id='word_1_108' title='bbox 620 1372 670 1424; x_wconf 83' lang='lat' dir='ltr'>oll&#39;a</span> <span class='ocrx_word' id='word_1_109' title='bbox 676 1375 806 1439; x_wconf 86' lang='lat' dir='ltr'>supersunt.</span> 
     </span>
     <span class='ocr_line' id='line_1_16' title="bbox 85 1451 726 1520; baseline 0 -18"><span class='ocrx_word' id='word_1_110' title='bbox 85 1454 140 1502; x_wconf 84' lang='lat' dir='ltr'>Vox</span> <span class='ocrx_word' id='word_1_111' title='bbox 151 1472 232 1504; x_wconf 88' lang='lat' dir='ltr'>manet</span> <span class='ocrx_word' id='word_1_112' title='bbox 241 1453 304 1505; x_wconf 87' lang='lat' dir='ltr'>:oil&#39;a</span> <span class='ocrx_word' id='word_1_113' title='bbox 317 1455 398 1505; x_wconf 84' lang='lat' dir='ltr'>ferunt</span> <span class='ocrx_word' id='word_1_114' title='bbox 413 1453 499 1520; x_wconf 86' lang='lat' dir='ltr'>lapidis</span> <span class='ocrx_word' id='word_1_115' title='bbox 510 1451 604 1504; x_wconf 79' lang='lat' dir='ltr'>traxisse</span> <span class='ocrx_word' id='word_1_116' title='bbox 616 1452 726 1518; x_wconf 84' lang='lat' dir='ltr'>liguram.</span> 
     </span>
    </p>

    <p class='ocr_par' dir='ltr' id='par_1_11' title="bbox 84 1529 853 1676">
     <span class='ocr_line' id='line_1_17' title="bbox 84 1529 853 1600; baseline -0.005 -17"><span class='ocrx_word' id='word_1_117' title='bbox 84 1531 142 1583; x_wconf 88' lang='lat' dir='ltr'>lnde</span> <span class='ocrx_word' id='word_1_118' title='bbox 160 1533 218 1583; x_wconf 87' lang='lat' dir='ltr'>latet</span> <span class='ocrx_word' id='word_1_119' title='bbox 234 1535 313 1593; x_wconf 85' lang='lat' dir='ltr'>silvis,</span> <span class='ocrx_word' id='word_1_120' title='bbox 325 1535 442 1600; x_wconf 91' lang='lat' dir='ltr'>nulloque</span> <span class='ocrx_word' id='word_1_121' title='bbox 452 1537 477 1582; x_wconf 93' lang='lat' dir='ltr'>in</span> <span class='ocrx_word' id='word_1_122' title='bbox 488 1547 572 1582; x_wconf 86' lang='lat' dir='ltr'>monte</span> <span class='ocrx_word' id='word_1_123' title='bbox 583 1529 692 1589; x_wconf 74' lang='lat' dir='ltr'>videtura</span> <span class='ocrx_word' id='word_1_124' title='bbox 804 1539 853 1586; x_wconf 81' lang='grc'>400</span> 
     </span>
     <span class='ocr_line' id='line_1_18' title="bbox 84 1608 708 1676; baseline -0.002 -17"><span class='ocrx_word' id='word_1_125' title='bbox 84 1611 201 1660; x_wconf 83' lang='lat' dir='ltr'>Omnibus</span> <span class='ocrx_word' id='word_1_126' title='bbox 216 1611 312 1661; x_wconf 80' lang='lat' dir='ltr'>auditur</span> <span class='ocrx_word' id='word_1_127' title='bbox 324 1632 330 1661; x_wconf 81' lang='lat' dir='ltr'>r</span> <span class='ocrx_word' id='word_1_128' title='bbox 343 1615 412 1661; x_wconf 90' lang='lat' dir='ltr'>sonus</span> <span class='ocrx_word' id='word_1_129' title='bbox 429 1612 478 1670; x_wconf 86' lang='lat' dir='ltr'>cll,</span> <span class='ocrx_word' id='word_1_130' title='bbox 493 1613 537 1676; x_wconf 91' lang='lat' dir='ltr'>qui</span> <span class='ocrx_word' id='word_1_131' title='bbox 547 1613 608 1659; x_wconf 84' lang='lat' dir='ltr'>vivit</span> <span class='ocrx_word' id='word_1_132' title='bbox 619 1613 645 1657; x_wconf 93' lang='lat' dir='ltr'>in</span> <span class='ocrx_word' id='word_1_133' title='bbox 656 1608 708 1658; x_wconf 85' lang='lat' dir='ltr'>illa.</span> 
     </span>
    </p>

    <p class='ocr_par' dir='ltr' id='par_1_12' title="bbox 80 1689 702 1750">
     <span class='ocr_line' id='line_1_19' title="bbox 80 1689 702 1750; baseline -0.008 -12"><span class='ocrx_word' id='word_1_134' title='bbox 80 1691 118 1738; x_wconf 84' lang='lat' dir='ltr'>Sic</span> <span class='ocrx_word' id='word_1_135' title='bbox 137 1694 198 1738; x_wconf 84' lang='lat' dir='ltr'>hanc</span> <span class='ocrx_word' id='word_1_136' title='bbox 210 1725 218 1750; x_wconf 89' lang='lat'>‚</span> <span class='ocrx_word' id='word_1_137' title='bbox 230 1694 263 1739; x_wconf 85' lang='lat' dir='ltr'>sic</span> <span class='ocrx_word' id='word_1_138' title='bbox 271 1689 342 1749; x_wconf 87' lang='lat' dir='ltr'>alias,</span> <span class='ocrx_word' id='word_1_139' title='bbox 355 1689 424 1740; x_wconf 92' lang='lat' dir='ltr'>undis</span> <span class='ocrx_word' id='word_1_140' title='bbox 433 1705 474 1738; x_wconf 88' lang='lat' dir='ltr'>aut</span> <span class='ocrx_word' id='word_1_141' title='bbox 485 1690 609 1738; x_wconf 87' lang='lat' dir='ltr'>montibus</span> <span class='ocrx_word' id='word_1_142' title='bbox 621 1701 702 1744; x_wconf 80' lang='lat' dir='ltr'>ortas,</span> 
     </span>
    </p>

    <p class='ocr_par' dir='ltr' id='par_1_13' title="bbox 80 1765 695 1833">
     <span class='ocr_line' id='line_1_20' title="bbox 80 1765 695 1833; baseline -0.008 -16"><span class='ocrx_word' id='word_1_143' title='bbox 80 1767 183 1817; x_wconf 84' lang='lat' dir='ltr'>Laeserat</span> <span class='ocrx_word' id='word_1_144' title='bbox 195 1771 234 1816; x_wconf 90' lang='lat' dir='ltr'>hic</span> <span class='ocrx_word' id='word_1_145' title='bbox 246 1767 387 1833; x_wconf 78' lang='lat' dir='ltr'>Nymphas:</span> <span class='ocrx_word' id='word_1_146' title='bbox 400 1771 433 1817; x_wconf 85' lang='lat' dir='ltr'>sic</span> <span class='ocrx_word' id='word_1_147' title='bbox 449 1782 525 1816; x_wconf 75' lang='lat' dir='ltr'>cottus</span> <span class='ocrx_word' id='word_1_148' title='bbox 541 1783 595 1816; x_wconf 89' lang='lat' dir='ltr'>ante</span> <span class='ocrx_word' id='word_1_149' title='bbox 605 1765 695 1815; x_wconf 83' lang='lat' dir='ltr'>viriles.</span> 
     </span>
    </p>

    <p class='ocr_par' dir='ltr' id='par_1_14' title="bbox 80 1843 720 1910">
     <span class='ocr_line' id='line_1_21' title="bbox 80 1843 720 1910; baseline -0.005 -16"><span class='ocrx_word' id='word_1_150' title='bbox 80 1845 139 1894; x_wconf 90' lang='lat' dir='ltr'>Inde</span> <span class='ocrx_word' id='word_1_151' title='bbox 153 1861 238 1894; x_wconf 86' lang='lat' dir='ltr'>manus</span> <span class='ocrx_word' id='word_1_152' title='bbox 249 1845 336 1910; x_wconf 83' lang='lat' dir='ltr'>aliquis</span> <span class='ocrx_word' id='word_1_153' title='bbox 347 1845 466 1910; x_wconf 73' lang='lat' dir='ltr'>despetius</span> <span class='ocrx_word' id='word_1_154' title='bbox 476 1844 507 1893; x_wconf 85' lang='lat' dir='ltr'>ad</span> <span class='ocrx_word' id='word_1_155' title='bbox 515 1848 601 1893; x_wconf 78' lang='lat' dir='ltr'>athera</span> <span class='ocrx_word' id='word_1_156' title='bbox 612 1843 699 1893; x_wconf 88' lang='lat' dir='ltr'>rollens</span> <span class='ocrx_word' id='word_1_157' title='bbox 712 1877 720 1905; x_wconf 94' lang='lat'>,</span> 
     </span>
    </p>

    <p class='ocr_par' dir='ltr' id='par_1_15' title="bbox 79 1923 846 2067">
     <span class='ocr_line' id='line_1_22' title="bbox 81 1923 846 1986; baseline -0.003 -14"><span class='ocrx_word' id='word_1_158' title='bbox 81 1925 118 1972; x_wconf 84' lang='lat' dir='ltr'>Sic</span> <span class='ocrx_word' id='word_1_159' title='bbox 133 1939 197 1974; x_wconf 83' lang='lat' dir='ltr'>amet</span> <span class='ocrx_word' id='word_1_160' title='bbox 214 1923 272 1983; x_wconf 88' lang='lat' dir='ltr'>iste,</span> <span class='ocrx_word' id='word_1_161' title='bbox 290 1924 346 1972; x_wconf 87' lang='lat' dir='ltr'>iicet</span> <span class='ocrx_word' id='word_1_162' title='bbox 359 1959 366 1981; x_wconf 94' lang='lat'>‚</span> <span class='ocrx_word' id='word_1_163' title='bbox 379 1927 412 1971; x_wconf 84' lang='lat' dir='ltr'>sic</span> <span class='ocrx_word' id='word_1_164' title='bbox 425 1939 476 1971; x_wconf 85' lang='lat' dir='ltr'>non</span> <span class='ocrx_word' id='word_1_165' title='bbox 487 1925 593 1986; x_wconf 84' lang='lat' dir='ltr'>potiatur</span> <span class='ocrx_word' id='word_1_166' title='bbox 604 1935 704 1981; x_wconf 90' lang='lat' dir='ltr'>amato,</span> <span class='ocrx_word' id='word_1_167' title='bbox 801 1925 846 1973; x_wconf 85' lang='lat'>405</span> 
     </span>
     <span class='ocr_line' id='line_1_23' title="bbox 79 1998 674 2067; baseline -0.007 -16"><span class='ocrx_word' id='word_1_168' title='bbox 79 2001 193 2051; x_wconf 79' lang='lat' dir='ltr'>Dixerat:</span> <span class='ocrx_word' id='word_1_169' title='bbox 205 1999 306 2051; x_wconf 77' lang='lat' dir='ltr'>assensit</span> <span class='ocrx_word' id='word_1_170' title='bbox 316 2001 425 2067; x_wconf 87' lang='lat' dir='ltr'>precibus</span> <span class='ocrx_word' id='word_1_171' title='bbox 437 2001 586 2049; x_wconf 80' lang='lat' dir='ltr'>Rhamnusia</span> <span class='ocrx_word' id='word_1_172' title='bbox 598 1998 674 2065; x_wconf 83' lang='lat' dir='ltr'>juliis.</span> 
     </span>
    </p>
   </div>
   <div class='ocr_carea' id='block_1_4' title="bbox 77 2156 916 3011">
    <p class='ocr_par' dir='ltr' id='par_1_16' title="bbox 77 2156 916 2618">
     <span class='ocr_line' id='line_1_24' title="bbox 109 2156 699 2225; baseline -0.005 -15"><span class='ocrx_word' id='word_1_173' title='bbox 109 2162 171 2211; x_wconf 86' lang='lat' dir='ltr'>Fons</span> <span class='ocrx_word' id='word_1_174' title='bbox 189 2178 240 2211; x_wconf 86' lang='lat' dir='ltr'>crat</span> <span class='ocrx_word' id='word_1_175' title='bbox 250 2163 355 2222; x_wconf 89' lang='lat' dir='ltr'>illimis,</span> <span class='ocrx_word' id='word_1_176' title='bbox 372 2159 456 2210; x_wconf 89' lang='lat' dir='ltr'>nitidis</span> <span class='ocrx_word' id='word_1_177' title='bbox 472 2174 595 2225; x_wconf 83' lang='lat' dir='ltr'>argenteus</span> <span class='ocrx_word' id='word_1_178' title='bbox 614 2156 699 2218; x_wconf 83' lang='lat' dir='ltr'>undis,</span> 
     </span>
     <span class='ocr_line' id='line_1_25' title="bbox 79 2236 748 2306; baseline 0.001 -19"><span class='ocrx_word' id='word_1_179' title='bbox 79 2239 155 2299; x_wconf 89' lang='lat' dir='ltr'>Quem</span> <span class='ocrx_word' id='word_1_180' title='bbox 167 2257 245 2306; x_wconf 88' lang='lat' dir='ltr'>neque</span> <span class='ocrx_word' id='word_1_181' title='bbox 258 2240 377 2305; x_wconf 69' lang='lat' dir='ltr'>pastorps,</span> <span class='ocrx_word' id='word_1_182' title='bbox 392 2256 467 2306; x_wconf 91' lang='lat' dir='ltr'>neque</span> <span class='ocrx_word' id='word_1_183' title='bbox 477 2239 547 2305; x_wconf 76' lang='lat' dir='ltr'>palia</span> <span class='ocrx_word' id='word_1_184' title='bbox 557 2255 640 2288; x_wconf 91' lang='lat' dir='ltr'>monte</span> <span class='ocrx_word' id='word_1_185' title='bbox 652 2236 748 2304; x_wconf 68' lang='lat' dir='ltr'>capella</span> 
     </span>
     <span class='ocr_line' id='line_1_26' title="bbox 77 2316 756 2384; baseline -0.003 -16"><span class='ocrx_word' id='word_1_186' title='bbox 77 2317 239 2382; x_wconf 77' lang='lat' dir='ltr'>Contigerant</span> <span class='ocrx_word' id='word_1_187' title='bbox 250 2353 258 2376; x_wconf 91' lang='lat'>,</span> <span class='ocrx_word' id='word_1_188' title='bbox 271 2316 366 2368; x_wconf 84' lang='lat' dir='ltr'>aliudve</span> <span class='ocrx_word' id='word_1_189' title='bbox 379 2335 462 2383; x_wconf 87' lang='lat' dir='ltr'>pecus:</span> <span class='ocrx_word' id='word_1_190' title='bbox 474 2335 547 2384; x_wconf 85' lang='lat' dir='ltr'>quem</span> <span class='ocrx_word' id='word_1_191' title='bbox 557 2319 624 2366; x_wconf 84' lang='lat' dir='ltr'>nulla</span> <span class='ocrx_word' id='word_1_192' title='bbox 633 2318 737 2366; x_wconf 82' lang='lat' dir='ltr'>volucris</span> <span class='ocrx_word' id='word_1_193' title='bbox 748 2351 756 2375; x_wconf 94' lang='lat'>‚</span> 
     </span>
     <span class='ocr_line' id='line_1_27' title="bbox 77 2391 916 2460; baseline -0.001 -16"><span class='ocrx_word' id='word_1_194' title='bbox 77 2395 129 2444; x_wconf 86' lang='lat' dir='ltr'>Nec</span> <span class='ocrx_word' id='word_1_195' title='bbox 148 2396 196 2445; x_wconf 85' lang='lat' dir='ltr'>fera</span> <span class='ocrx_word' id='word_1_196' title='bbox 210 2395 336 2454; x_wconf 78' lang='lat' dir='ltr'>turbirat,</span> <span class='ocrx_word' id='word_1_197' title='bbox 353 2413 396 2445; x_wconf 92' lang='lat' dir='ltr'>nec</span> <span class='ocrx_word' id='word_1_198' title='bbox 408 2397 486 2460; x_wconf 82' lang='lat' dir='ltr'>lapsus</span> <span class='ocrx_word' id='word_1_199' title='bbox 497 2398 527 2445; x_wconf 90' lang='lat' dir='ltr'>ab</span> <span class='ocrx_word' id='word_1_200' title='bbox 538 2391 622 2444; x_wconf 79' lang='lat' dir='ltr'>arbore</span> <span class='ocrx_word' id='word_1_201' title='bbox 633 2411 719 2444; x_wconf 83' lang='lat' dir='ltr'>ramus.</span> <span class='ocrx_word' id='word_1_202' title='bbox 795 2403 845 2449; x_wconf 86' lang='grc'>410</span> <span class='ocrx_word' id='word_1_203' title='bbox 912 2451 916 2456; x_wconf 21' lang='lat' dir='ltr'>q</span> 
     </span>
     <span class='ocr_line' id='line_1_28' title="bbox 77 2473 760 2541; baseline 0.003 -19"><span class='ocrx_word' id='word_1_204' title='bbox 77 2473 182 2522; x_wconf 88' lang='lat' dir='ltr'>Gramen</span> <span class='ocrx_word' id='word_1_205' title='bbox 199 2491 247 2523; x_wconf 80' lang='lat' dir='ltr'>erat</span> <span class='ocrx_word' id='word_1_206' title='bbox 261 2479 342 2530; x_wconf 85' lang='lat' dir='ltr'>circa,</span> <span class='ocrx_word' id='word_1_207' title='bbox 355 2473 421 2541; x_wconf 89' lang='lat' dir='ltr'>quod</span> <span class='ocrx_word' id='word_1_208' title='bbox 433 2477 554 2540; x_wconf 84' lang='lat' dir='ltr'>proximus</span> <span class='ocrx_word' id='word_1_209' title='bbox 566 2477 652 2524; x_wconf 87' lang='lat' dir='ltr'>humor</span> <span class='ocrx_word' id='word_1_210' title='bbox 663 2474 760 2535; x_wconf 78' lang='lat' dir='ltr'>alebat3</span> 
     </span>
     <span class='ocr_line' id='line_1_29' title="bbox 78 2551 691 2618; baseline 0.005 -18"><span class='ocrx_word' id='word_1_211' title='bbox 78 2552 203 2618; x_wconf 84' lang='lat' dir='ltr'>Silvaque,</span> <span class='ocrx_word' id='word_1_212' title='bbox 220 2553 268 2602; x_wconf 84' lang='lat' dir='ltr'>sole</span> <span class='ocrx_word' id='word_1_213' title='bbox 284 2553 365 2601; x_wconf 85' lang='lat' dir='ltr'>lacurn</span> <span class='ocrx_word' id='word_1_214' title='bbox 378 2551 469 2617; x_wconf 78' lang='lat' dir='ltr'>palsuta</span> <span class='ocrx_word' id='word_1_215' title='bbox 483 2555 598 2618; x_wconf 85' lang='lat' dir='ltr'>tepescere</span> <span class='ocrx_word' id='word_1_216' title='bbox 613 2553 691 2603; x_wconf 81' lang='lat' dir='ltr'>nullo.</span> 
     </span>
    </p>

    <p class='ocr_par' dir='ltr' id='par_1_17' title="bbox 77 2629 662 2695">
     <span class='ocr_line' id='line_1_30' title="bbox 77 2629 662 2695; baseline -0.002 -15"><span class='ocrx_word' id='word_1_217' title='bbox 77 2630 123 2680; x_wconf 87' lang='lat' dir='ltr'>Hic</span> <span class='ocrx_word' id='word_1_218' title='bbox 141 2647 215 2695; x_wconf 88' lang='lat' dir='ltr'>puer,</span> <span class='ocrx_word' id='word_1_219' title='bbox 232 2635 256 2680; x_wconf 74' lang='grc' dir='ltr'>δε</span> <span class='ocrx_word' id='word_1_220' title='bbox 268 2629 348 2680; x_wconf 85' lang='lat' dir='ltr'>studio</span> <span class='ocrx_word' id='word_1_221' title='bbox 357 2631 458 2681; x_wconf 88' lang='lat' dir='ltr'>venandi</span> <span class='ocrx_word' id='word_1_222' title='bbox 469 2629 539 2681; x_wconf 78' lang='lat' dir='ltr'>lassus</span> <span class='ocrx_word' id='word_1_223' title='bbox 554 2635 578 2680; x_wconf 91' lang='lat'>&amp;</span> <span class='ocrx_word' id='word_1_224' title='bbox 589 2631 662 2691; x_wconf 80' lang='lat' dir='ltr'>aestu,</span> 
     </span>
    </p>

    <p class='ocr_par' dir='ltr' id='par_1_18' title="bbox 78 2709 710 2775">
     <span class='ocr_line' id='line_1_31' title="bbox 78 2709 710 2775; baseline -0.002 -17"><span class='ocrx_word' id='word_1_225' title='bbox 78 2709 221 2767; x_wconf 83' lang='lat' dir='ltr'>Procubuit,</span> <span class='ocrx_word' id='word_1_226' title='bbox 235 2710 369 2775; x_wconf 85' lang='lat' dir='ltr'>faciemque</span> <span class='ocrx_word' id='word_1_227' title='bbox 381 2710 442 2768; x_wconf 91' lang='lat' dir='ltr'>loci,</span> <span class='ocrx_word' id='word_1_228' title='bbox 456 2709 597 2774; x_wconf 83' lang='lat' dir='ltr'>fontemque</span> <span class='ocrx_word' id='word_1_229' title='bbox 608 2711 710 2758; x_wconf 85' lang='lat' dir='ltr'>secutus.</span> 
     </span>
    </p>

    <p class='ocr_par' dir='ltr' id='par_1_19' title="bbox 78 2785 841 2929">
     <span class='ocr_line' id='line_1_32' title="bbox 78 2785 841 2852; baseline -0.005 -17"><span class='ocrx_word' id='word_1_230' title='bbox 78 2785 189 2852; x_wconf 87' lang='lat' dir='ltr'>Dumque</span> <span class='ocrx_word' id='word_1_231' title='bbox 207 2791 271 2836; x_wconf 89' lang='lat' dir='ltr'>sitim</span> <span class='ocrx_word' id='word_1_232' title='bbox 288 2785 369 2836; x_wconf 87' lang='lat' dir='ltr'>sedare</span> <span class='ocrx_word' id='word_1_233' title='bbox 383 2791 466 2852; x_wconf 88' lang='lat' dir='ltr'>cupit,</span> <span class='ocrx_word' id='word_1_234' title='bbox 479 2793 529 2836; x_wconf 87' lang='lat' dir='ltr'>sitis</span> <span class='ocrx_word' id='word_1_235' title='bbox 541 2788 614 2835; x_wconf 88' lang='lat' dir='ltr'>altera</span> <span class='ocrx_word' id='word_1_236' title='bbox 625 2789 717 2836; x_wconf 80' lang='lat' dir='ltr'>crevitr</span> <span class='ocrx_word' id='word_1_237' title='bbox 795 2799 841 2845; x_wconf 79' lang='lat'>4¹5</span> 
     </span>
     <span class='ocr_line' id='line_1_33' title="bbox 80 2863 721 2929; baseline 0.005 -19"><span class='ocrx_word' id='word_1_238' title='bbox 80 2863 191 2928; x_wconf 89' lang='lat' dir='ltr'>Dumque</span> <span class='ocrx_word' id='word_1_239' title='bbox 208 2865 269 2914; x_wconf 88' lang='lat' dir='ltr'>bibit</span> <span class='ocrx_word' id='word_1_240' title='bbox 281 2900 288 2923; x_wconf 91' lang='lat'>‚</span> <span class='ocrx_word' id='word_1_241' title='bbox 305 2866 360 2912; x_wconf 79' lang='lat' dir='ltr'>visae</span> <span class='ocrx_word' id='word_1_242' title='bbox 371 2879 491 2928; x_wconf 88' lang='lat' dir='ltr'>correptus</span> <span class='ocrx_word' id='word_1_243' title='bbox 504 2867 608 2929; x_wconf 80' lang='lat' dir='ltr'>imagine</span> <span class='ocrx_word' id='word_1_244' title='bbox 618 2865 721 2922; x_wconf 84' lang='lat' dir='ltr'>sormae,</span> 
     </span>
    </p>

    <p class='ocr_par' dir='ltr' id='par_1_20' title="bbox 81 2928 842 3011">
     <span class='ocr_line' id='line_1_34' title="bbox 81 2928 842 3011; baseline -0.011 -20"><span class='ocrx_word' id='word_1_245' title='bbox 81 2943 140 2994; x_wconf 81' lang='lat' dir='ltr'>liena</span> <span class='ocrx_word' id='word_1_246' title='bbox 154 2943 202 2992; x_wconf 84' lang='lat' dir='ltr'>tint</span> <span class='ocrx_word' id='word_1_247' title='bbox 213 2957 310 3011; x_wconf 84' lang='lat' dir='ltr'>corpore</span> <span class='ocrx_word' id='word_1_248' title='bbox 319 2957 395 2992; x_wconf 82' lang='lat' dir='ltr'>amat:</span> <span class='ocrx_word' id='word_1_249' title='bbox 404 2959 488 3010; x_wconf 82' lang='lat' dir='ltr'>corpus</span> <span class='ocrx_word' id='word_1_250' title='bbox 498 2928 842 3011; x_wconf 75' lang='lat' dir='ltr'>putatclle,quodumbraest·</span> 
     </span>
    </p>
   </div>
   <div class='ocr_carea' id='block_1_5' title="bbox 0 0 1032 3706">
    <p class='ocr_par' dir='ltr' id='par_1_21' title="bbox 0 0 1032 3706">
     <span class='ocr_line' id='line_1_35' title="bbox 0 0 1032 3706; baseline 0 2"><span class='ocrx_word' id='word_1_251' title='bbox 0 0 1032 3706; x_wconf 95' lang='lat' dir='ltr'> </span> 
     </span>
    </p>
   </div>
  </div>
 </body>
</html>
