2036 3714
120 217 554 286 Mnmnottruosrou
567 211 606 281 L.
624 211 708 280 XII.
733 214 797 279 281

71 333 161 398 Atque
172 335 318 384 internubes
330 334 440 383 sublimia
450 332 559 382 membra
572 331 704 392 ferentem,
806 335 834 388 56
839 341 851 390 5

71 410 279 478 Pendentemque
289 411 361 471 serit,
374 411 441 462 lateri
456 409 507 476 qui
517 412 624 475 Jungitur
639 410 686 458 ala.

70 487 131 536 Nec
147 505 221 554 grave
231 491 316 542 uulnus
333 505 383 540 eret
394 509 400 538 :
412 487 453 540 sed
462 491 527 554 rupti
537 487 634 539 vulnere
646 488 712 536 nervi

68 563 206 618 Deficiunt
217 603 226 628 ,
240 585 383 634 motumque
393 582 485 633 negant
492 565 717 632 viresquevolandi.

68 643 182 696 Decidit
194 649 222 696 in
242 661 348 707 terram,
363 663 417 698 uon
432 645 625 710 concipientibue
635 659 706 694 auras

66 722 186 773 Infirmis
195 728 298 790 pennice
312 730 336 776 δι
349 725 398 792 qui
413 725 474 775 levis
484 725 582 774 haeserat
594 722 657 778 ala,
802 727 849 774 570

66 801 197 866 Corporis
209 801 273 852 affixi
284 799 361 868 prelia
371 803 546 868 nigrantur,
561 802 646 866 sagitta
658 815 668 860 ἦ

65 881 169 948 Perque
181 881 243 932 latua
254 884 376 934 summum
386 882 470 948 jugulo
482 881 514 930 est
524 883 602 930 cirasia
613 878 715 929 sinistro.

65 958 143 1008 Num
153 958 241 1010 videor
255 959 340 1011 debere
357 965 391 1011 tui
404 963 523 1026 praeconia
537 961 606 1010 rebus

64 1035 187 1086 Herculis
198 1073 206 1098 ‚
227 1037 243 1088 ὂ
254 1040 262 1088 Ξ
280 1037 379 1090 Rhodie
390 1037 474 1090 durior
484 1039 643 1104 pulcherrime
653 1036 749 1086 classis?

63 1114 109 1164 Ne
130 1131 213 1172 tamen
222 1117 337 1178 ulteritis,
353 1118 428 1184 quiin
439 1117 512 1169 sortia
522 1116 583 1167 facia
594 1113 705 1176 silendo,
796 1122 841 1171 575

64 1193 183 1243 Ulciscar
194 1195 295 1256 fratres,
311 1194 388 1247 solida
397 1197 430 1250 est
439 1196 500 1248 mihi
510 1197 585 1260 gratia
593 1209 684 1246 tecum.

101 1270 164 1320 Hac
175 1273 229 1337 post
237 1273 312 1340 quim
326 1273 393 1324 dulci
401 1273 502 1326 Neleius
513 1271 589 1322 edidit
599 1290 662 1334 oret

63 1349 87 1398 A
108 1351 222 1400 sermone
232 1353 312 1412 senis,
330 1355 436 1417 repetito
447 1369 545 1402 munere
557 1351 664 1412 Bacchi,

63 1429 196 1482 Surrexere
210 1433 268 1481 toris
278 1449 285 1482 t
294 1446 342 1483 uox
353 1431 386 1484 est
396 1429 452 1484 data
461 1446 538 1482 cetera
547 1431 648 1482 somno.

98 1587 236 1648 AtDeus,
253 1608 372 1659 equoreas
385 1595 428 1661 qui
440 1591 536 1659 cuspide
552 1605 671 1658 temperat
679 1588 769 1650 undas,
788 1590 839 1654 580

61 1666 94 1716 ln
105 1667 233 1718 volucrem
248 1687 334 1736 corpur
346 1676 395 1724 nati
406 1669 558 1724 Stlieuelei'da
567 1672 661 1722 uersum

61 1745 154 1798 Mente
171 1747 240 1802 dolet
250 1751 328 1814 patria
339 1769 345 1800 ι
358 1753 495 1816 saevumque
505 1752 602 1815 perosus
614 1745 724 1799 Achillen

61 1824 170 1876 Exercet
182 1831 316 1888 memores,
336 1829 389 1894 plus
402 1828 478 1895 quim
488 1827 607 1886 civiliter,
622 1829 677 1876 iras.

61 1905 169 1972 Jamque
180 1905 229 1956 ferd
243 1905 379 1958 trasioduo
387 1924 428 1972 per
442 1907 605 1975 quinquennia
619 1902 701 1962 bello,

61 1983 168 2033 Talibus
180 1987 303 2036 intonsum
311 1985 581 2050 compellatSmynthea
593 1980 678 2042 difflua
788 1961 830 2024 5⁸¹

61 2061 87 2108 0
97 2060 104 2108 l
119 2063 181 2110 mihi
199 2059 229 2111 de
239 2061 318 2112 fratris
328 2061 401 2128 longe
411 2064 543 2128 gratissime
557 2063 635 2120 tiaris,

60 2137 136 2189 Irrita
146 2142 188 2204 qui
199 2157 295 2192 mecum
304 2142 401 2206 posuisti
411 2145 502 2194 tnoerila
512 2142 591 2206 Trojae
600 2145 619 2198 ςχ

60 2215 176 2282 Ecquid,
196 2233 223 2267 ut
232 2221 274 2268 has
286 2223 336 2284 Jam
346 2223 396 2285 jain
408 2223 498 2270 casuras
514 2221 596 2284 aspicis
608 2231 692 2277 arces,

61 2295 185 2359 Ingemit?
197 2311 238 2346 aut
249 2296 335 2363 ecquid
347 2313 384 2348 tot
396 2296 549 2350 defendentia
564 2312 649 2348 miuus

61 2373 146 2422 Millia
155 2375 214 2422 cursa
225 2373 292 2424 doles
304 2380 313 2426 i
327 2375 428 2442 ecquid,
444 2393 473 2426 ne
485 2378 609 2442 persequar
623 2390 724 2432 omnes,
783 2374 832 2418 5⁹0

55 2449 173 2500 ΔΗεέὶοῐίε
185 2453 269 2502 umbra
279 2455 358 2516 subit,
377 2460 468 2505 circum
478 2457 520 2506 sua
530 2457 645 2520 Pergama
661 2455 727 2502 tnui
737 2456 745 2502 ἓ

63 2527 131 2577 cum
143 2542 223 2582 tamen
240 2528 282 2578 ille
295 2529 377 2586 ferox,
396 2530 507 2597 belloque
524 2534 644 2582 cruentior
664 2533 716 2596 ipso
727 2555 747 2591 ‚-

62 2606 133 2654 Vivit
144 2602 237 2660 adhuc,
255 2609 332 2670 operis
343 2607 415 2658 nostri
426 2609 570 2673 populator,
582 2608 697 2661 Achilles.

62 2684 113 2734 Det
129 2685 190 2734 mihi
203 2685 226 2732 se
238 2702 245 2734 ε
256 2683 328 2740 faxo,
344 2685 433 2750 triplici
444 2685 504 2752 quid
514 2684 609 2750 cuspide
621 2689 711 2750 possim
722 2720 734 2746 ,

62 2760 207 2812 sentiatur
222 2764 337 2827 quoniam
353 2778 492 2812 concurrere
504 2766 613 2810 cominus
625 2763 686 2810 hosii
783 2767 826 2816 595

64 2837 123 2892 Non
143 2835 231 2897 datur,
250 2837 347 2887 occulta
367 2841 512 2902 necopinum
527 2836 598 2902 perde
619 2839 713 2902 sagitti.

64 2918 171 2971 nnuc:
183 2931 256 2987 atquc,
271 2918 353 2968 auimo
367 2915 453 2980 pariter
464 2929 595 2984 patruoque
607 2916 698 2984 suoque
