2036 3714
83 355 94 376 ,
132 285 559 358 Meranomnosrou
588 281 625 352 L.
652 283 694 350 X.
730 305 798 369 219

78 405 164 459 Causa
182 411 227 458 uiae
246 412 333 474 conjux
345 427 351 456 t
364 411 472 472 inquam
487 405 578 455 calcata
588 418 706 454 vencnum

78 483 172 550 Vipera
182 483 300 540 diffudit,
319 487 494 550 crescentesque
505 483 602 534 abstulit
613 499 696 534 annos.

78 557 153 612 Polie
163 567 213 628 pati
227 563 295 615 volui
306 581 312 612 τ
324 579 368 612 nec
380 579 418 612 me
432 557 531 612 tentasse
547 561 651 626 negabo.
819 584 846 632 ²5
950 609 954 615 ,

78 634 150 693 Vicit
163 643 248 693 Amor.
269 641 357 708 Superi
371 641 436 690 Deus
447 643 486 690 hic
498 641 557 688 bene
568 653 640 688 notus
652 641 678 688 in
688 652 730 690 uta
741 639 783 690 eiir

78 721 121 770 An
138 723 169 770 sir
185 720 275 781 scisse,
285 719 380 770 dubito.
392 717 470 768 Sed&
483 718 524 768 iric
537 733 617 767 tamen
628 733 730 783 auguror
740 715 799 768 eise:

79 798 100 846 f
101 815 203 866 annaque
215 803 235 848 si
242 813 346 850 veterem
357 813 407 846 non
418 797 451 846 est
458 799 560 847 mentita
571 798 696 861 rapinam,

80 875 134 925 Vos
143 893 239 943 quoque
247 879 326 941 junxit
338 877 421 925 Amor.
431 875 474 924 Per
485 891 530 940 ego
542 877 591 924 haec
603 871 657 923 loca
662 873 733 938 plena
744 877 849 934 timoris,

80 947 127 1002 Per
146 953 228 1004 Chaos
239 957 287 1004 hoc
300 957 398 1020 ingens,
412 953 517 1018 vastique
531 951 625 1001 silentia
638 955 722 1018 regni,
822 981 852 1030 30

79 1029 213 1095 Eurydices
225 1068 233 1093 ,
254 1049 299 1082 oro
310 1067 318 1092 ‚
330 1041 456 1098 properata
470 1033 568 1080 retexite
579 1029 629 1080 fila.
697 1079 702 1098 ί

80 1113 174 1162 Omnia
194 1109 309 1160 debemur
327 1111 395 1159 vobis
408 1129 414 1159 s
428 1110 573 1176 paulumque
588 1110 692 1169 morati,

81 1191 162 1240 Serius
174 1204 215 1240 aut
225 1191 295 1238 citius
307 1185 387 1238 sedem
401 1203 554 1253 properamus
572 1187 603 1236 ad
623 1201 704 1237 unam.

81 1265 218 1318 Tendimus
225 1269 272 1317 huc
282 1284 367 1317 omnes
379 1286 385 1316 e
397 1269 447 1316 hac
458 1267 490 1315 eii
501 1265 588 1315 domus
599 1267 685 1316 ultima
696 1283 803 1334 :vosque

80 1343 191 1395 Humani
206 1349 297 1412 generis
305 1346 444 1410 longissima
455 1361 528 1410 regna
538 1347 631 1395 tenetis.
822 1380 849 1424 35

81 1423 142 1473 Haec'
154 1440 251 1490 quoque
263 1453 270 1484 ‚
287 1423 343 1473 crim
361 1423 433 1488 justos
445 1437 538 1473 matura
552 1425 668 1489 peregerit
678 1441 770 1487 annos,

80 1495 145 1550 Juris
157 1504 202 1550 erit
212 1502 280 1552 vestri
292 1521 298 1550 ε
310 1517 353 1566 pro
367 1517 464 1550 munere
476 1503 595 1566 poscimus
610 1504 687 1552 usum.

81 1577 160 1638 Quod
170 1582 189 1628 si
208 1578 256 1629 fata
265 1593 354 1645 negant
364 1583 457 1630 venians
471 1597 515 1644 pro
527 1584 629 1647 conjoge
641 1616 650 1642 ,
668 1591 759 1632 certum
771 1582 803 1632 cst

80 1655 160 1706 Nolle
180 1655 255 1706 redire
270 1659 330 1707 mihi
343 1676 349 1706 ι
363 1657 412 1707 leto
427 1656 528 1723 gaudete
542 1657 655 1708 duorum.

117 1734 190 1784 Talia
204 1733 343 1796 dicentem,
356 1752 487 1802 nervosque
503 1735 534 1785 ad
545 1738 618 1787 verba
627 1753 784 1800 moventem,
819 1758 851 1803 4⁰

81 1807 219 1878 Exsanguts
230 1813 319 1864 flebant
335 1817 420 1863 animae
431 1831 437 1862 s
449 1829 492 1862 nec
504 1813 619 1862 Tantalus
631 1812 720 1864 undam

82 1891 202 1956 captavit
215 1889 322 1956 refugam
337 1909 343 1940 e
355 1891 489 1955 stupuitque
499 1890 587 1949 litionis
598 1893 671 1940 orbis.

80 1969 146 2040 Nec,
156 1971 260 2035 carpsere
273 1975 339 2036 Jecur
353 1969 462 2018 volucres
476 1971 603 2034 :urnisque
615 1983 730 2020 vacarunt

79 2046 195 2108 Belides,
214 2052 286 2115 inque
303 2063 345 2098 ruo
362 2046 457 2101 sedisti,
475 2047 590 2110 Sisyphe,
608 2047 673 2096 saxo.

81 2127 151 2177 Tum
163 2125 268 2191 primum
281 2127 409 2188 lacrymis,
423 2122 538 2175 viciarum
549 2125 669 2184 carmine,
683 2124 747 2174 sama
756 2125 788 2174 est
822 2147 850 2196 45

80 2203 247 2256 Eumenidum
260 2201 376 2254 maduisse
384 2219 464 2268 genas.
481 2201 533 2252 Nec
544 2203 607 2268 regia
617 2205 705 2268 conjtur

81 2283 188 2332 Sustinet
198 2286 277 2333 ormti
287 2315 296 2343 ‚
311 2297 356 2331 nec
367 2285 408 2347 qni
418 2283 479 2346 regit
491 2283 555 2342 ima,
571 2298 672 2347 negate:

81 2359 270 2426 Eurydicenque
287 2375 385 2411 vocant.
403 2359 505 2409 Umbras
521 2375 571 2410 erat
587 2360 630 2409 illa
646 2375 751 2410 recentes

81 2437 171 2500 Inter,
190 2443 216 2488 δι
231 2441 327 2488 incessit
341 2431 407 2504 pall'u
421 2435 451 2486 de
468 2438 565 2488 vulnere
576 2427 657 2488 endu

81 2517 172 2577 Hanc,
192 2517 263 2566 simul
278 2521 304 2566 δι
320 2517 413 2582 legem,
432 2513 588 2582 Rhodopeius
602 2519 689 2583 accipit
699 2519 768 2568 heros
777 2535 786 2578 ;
823 2544 852 2592 50
955 2515 958 2520 ’

82 2595 124 2646 Ne
144 2593 224 2645 fledat
239 2609 303 2644 retro
318 2595 359 2645 sua
369 2594 479 2653 iumina3
494 2593 572 2644 donec
587 2595 689 2646 Avernas

80 2673 177 2724 Exierit
192 2671 267 2723 vallea
279 2691 286 2722 z
297 2689 337 2721 aut
346 2675 411 2721 irrita
425 2670 489 2722 dona
499 2672 587 2722 futura.

117 2751 234 2816 Carpitur
248 2751 351 2800 acclivus
364 2767 405 2816 per
421 2763 488 2799 muta
502 2750 596 2800 silentia
607 2765 713 2814 trames,

4 2827 9 2833 ’
80 2827 199 2884 Arduus,
215 2830 348 2888 obscurus,
362 2829 463 2894 caligine
477 2826 562 2877 densus
573 2829 657 2893 opaci.

81 2909 138 2960 Nec
155 2907 241 2973 procul
253 2907 382 2957 abfuerunt
392 2906 483 2954 telluris
493 2909 600 2971 margine
611 2909 709 2957 summae
720 2926 727 2957 t
823 2937 850 2982 55

80 2985 133 3038 Hic
146 3019 156 3048 ,
176 2982 352 3048 tremisceret,
370 2999 495 3048 metuens,
513 2982 643 3052 aridusque
647 2985 748 3114 1qidendi
761 3021 770 3049 ,

681 3068 699 3132 n
