2036 3714
181 243 244 310 188
293 215 373 342 Ῥ.Ι
393 239 550 309 Orrurr
572 241 769 310 Nasours

177 362 300 428 Ovaque,
321 378 371 412 nun
388 365 436 412 acri
452 361 633 412 leviterver‘sata
644 361 745 412 favillis

178 439 267 490 Ornnia
276 439 396 490 fictilibus.
414 439 472 504 Post*
481 441 532 489 baec
547 439 635 490 celatus
646 439 732 490 eidem

179 517 271 566 Sistitur
281 517 366 584 argilll
376 531 452 567 crater
463 553 471 577 ‚
484 517 645 584 fabricataque
658 517 714 584 fago

132 591 288 653 ‘7⁰s'ocula5
302 594 350 660 qus
365 609 422 647 cava
432 597 486 644 sunt
496 593 636 646 flaventibus
644 595 707 646 illita
717 600 786 648 ceris.

181 673 255 722 Parva
271 673 399 732 morsella
410 669 537 740 epulasque
548 672 598 722 foci
609 675 693 723 misere
703 675 826 726 calentes:

182 749 233 800 Nec
251 750 330 816 lunga
341 753 418 800 rursus
428 751 562 801 reseruntur
575 754 631 802 vina
641 754 736 802 senesiae
750 771 758 812 3

181 827 295 894 Dantquc
314 827 395 878 locum
407 831 494 878 mensis
504 827 707 894 paulumiedueta
717 827 839 880 secundis.

182 903 230 954 liic
251 917 315 960 nur,
332 904 373 954 hic
385 909 459 954 mixta
469 906 502 955 est
511 910 603 970 rugosis
615 909 691 956 carica
699 906 807 971 p'almis,

135 979 178 1032 ⁶75
185 983 323 1048 Prunaque,
345 987 369 1032 &
379 985 405 1032 in
412 983 499 1049 patulis
512 982 646 1033 redolentia
656 985 720 1034 mala
728 985 852 1044 canistris,

183 1060 215 1110 Et
226 1059 256 1110 de
269 1063 390 1126 purpureis
407 1057 511 1110 collesiae
521 1061 610 1111 vitibus
628 1073 687 1112 uvae.

184 1137 309 1189 Candidus
317 1141 343 1188 in
353 1137 434 1188 medin
450 1139 517 1189 favus
529 1139 569 1188 cst.
586 1141 658 1204 Super
669 1143 751 1189 omnia
761 1139 843 1190 vultus

186 1213 307 1266 Accessere
323 1217 403 1276 boni,
420 1231 464 1266 nec
478 1220 539 1266 iners
549 1227 683 1284 pauperque¹
697 1219 820 1269 voluntas.

185 1295 277 1345 interea
291 1299 404 1361 quoties,
418 1295 525 1344 haustum
536 1307 625 1344 cratera
636 1295 722 1360 repleri

139 1363 276 1438 ‘Sosponte
294 1372 353 1432 sui,
366 1388 408 1438 per
417 1373 487 1438 seque
497 1371 580 1422 vident
590 1375 733 1423 succrescere
742 1376 817 1434 vina,

187 1452 293 1500 Attoniti
311 1454 419 1510 novitate
436 1465 542 1515 pavent:
554 1452 710 1516 manibusque
721 1453 828 1516 supinis,

188 1527 338 1592 Concipiunt
350 1528 480 1594 Baucisque
490 1545 586 1592 preces,
602 1526 748 1595 timidusque
758 1527 886 1577 Philemon
896 1543 906 1586 ς,

188 1605 220 1654 Et
233 1608 327 1656 veniam
339 1603 438 1670 dapibus
449 1640 458 1666 ,
469 1605 590 1672 nullisque
600 1607 720 1671 paratibus
735 1620 814 1656 orant.

189 1683 279 1732 Unicus
290 1684 356 1732 anser
366 1697 436 1743 erat,
455 1685 561 1732 minime
578 1681 685 1732 custodia
700 1683 781 1742 villae,

142 1755 269 1824 685Quem
289 1759 335 1810 Dis
345 1759 478 1825 hospitibus
489 1759 582 1810 domini
597 1763 699 1811 mactare
709 1762 834 1827 parabant.

191 1840 235 1890 Ille
253 1839 315 1889 celer
328 1838 405 1906 penui
416 1836 496 1888 tardos
506 1853 575 1890 aetate
586 1838 686 1905 fatigat,

191 1915 323 1984 Eluditque
344 1913 402 1966 dius
413 1913 557 1982 tandemque
566 1917 600 1965 eli
609 1918 671 1966 visus
682 1915 712 1966 ad
723 1918 786 1983 ipsos

193 1991 336 2060 Confugiffe
346 1993 421 2044 Deos.
433 1997 515 2060 Superi
524 2009 619 2045 vetuere
630 1997 709 2044 necari
720 2011 729 2053 ;

193 2072 275 2139 Dique
295 2075 392 2131 sumus,
409 2075 551 2139 meritasque
564 2073 710 2122 luetvicinia
720 2085 803 2137 poenas

145 2151 286 2216 spsimpia,
304 2149 423 2199 dixerunt.
443 2151 516 2200 Vobis
532 2152 680 2199 immunibus
690 2153 760 2215 hujus

193 2225 246 2276 Esse
264 2227 322 2276 mali
332 2225 523 2277 dabiturrmodb
534 2229 608 2278 velita
619 2230 747 2293 relinquite
758 2230 817 2276 tesia
829 2262 838 2287 ‚

193 2307 228 2354 Ac
245 2305 336 2354 nostros
352 2307 465 2354 comitate
481 2304 582 2368 gradus,
602 2309 636 2354 &1
648 2308 673 2353 in
687 2301 761 2353 ardua
778 2308 870 2354 montis

176 2439 178 2443 ⁸
194 2383 229 2432 Ite
248 2384 328 2432 simul.
347 2383 431 2432 Parent
446 2383 537 2443 ambo,
556 2383 694 2448 baculisque
704 2382 777 2432 levati

195 2459 394 2524 Nitunturlongo
405 2461 500 2524 vestigia
512 2477 599 2526 ponere
611 2461 683 2510 clivo.

147 2532 301 2586 ⁶95Tantutu
312 2533 409 2586 aberant
422 2537 532 2596 summo,
544 2553 661 2604 quantum
670 2536 740 2585 semel
753 2539 788 2586 ire
799 2539 884 2602 sagitta

196 2609 267 2664 Misl'a
284 2613 468 2678 potesteliexcre
484 2616 568 2664 oculos
581 2651 588 2674 ‚
601 2619 625 2664 se
637 2617 711 2663 mersa
726 2613 813 2680 palude
906 2638 915 2643 ·

196 2691 283 2741 Cetera
299 2692 461 2756 prospiciunt:
474 2707 566 2741 tannim
580 2694 621 2741 sua
633 2695 692 2741 resia
704 2709 809 2742 manere.

196 2767 309 2833 Dumque
329 2785 355 2817 ea
371 2771 506 2823 mirantur,
518 2768 576 2818 dum
588 2769 677 2818 deflent
688 2769 737 2817 fata
745 2771 858 2826 suorum,

156 2831 163 2852 '
197 2843 241 2892 illa
255 2857 340 2896 verus,
358 2841 462 2892 dominis
473 2847 544 2892 etiarn
553 2847 604 2892 casa
614 2859 685 2909 parva
699 2841 791 2891 duobus
804 2879 812 2900 ‚

150 2922 348 2984 700Vcrtitur·iu
359 2920 477 2986 templum
487 2939 493 2970 s
505 2920 582 2972 furcas
599 2922 689 2972 subiere
699 2919 837 2974 columnas
