2036 3714
125 201 553 304 MnrAvr'onrrrosrron
578 209 618 278 L.
642 207 687 276 Xss
725 228 791 298 ης

75 337 186 405 Offaque
201 338 274 386 robur
284 351 373 402 agunt:
383 331 511 400 mediique
529 345 639 384 manente
654 328 779 386 medullis,

73 419 179 482 Sanguis
197 419 217 466 it
229 417 362 473 insuetos,
379 418 404 463 in
415 429 514 478 magnos
530 413 626 460 brachia
634 426 727 464 ramos,

72 494 104 546 In
127 511 214 560 parvos
227 493 298 560 digiti
308 512 314 542 ι
324 492 419 543 duratur
430 495 519 544 cortice
528 489 609 558 pellis.

71 573 180 639 Jamque
195 591 292 638 gravem
303 574 407 622 crescens
417 588 510 621 uterum
520 570 674 636 perstinxetat
687 567 726 616 arb
768 602 775 626 ,
794 577 842 624 455

72 652 224 718 Pectoraque
232 653 363 711 obruerat,
382 651 521 717 collumque
534 650 626 714 operire
638 647 750 712 patabat:

71 728 138 778 Non
156 730 213 779 tulit
227 729 270 782 illa
281 745 374 780 moram
384 745 392 786 3
408 730 560 795 venientique
571 727 644 777 obvia
654 725 719 790 ligno

70 805 207 863 Subsedit,
219 810 350 874 mersitque
359 809 412 856 suos
423 809 449 858 iu
458 808 548 858 cortice
557 804 646 855 vultus.

69 884 154 946 Quae,
167 902 314 951 quamquam
324 887 403 936 amisit
413 901 567 935 veterescunt
579 899 678 948 corpore
688 883 782 942 sensus,

68 963 91 1011 f
92 962 130 1012 let
140 977 222 1012 tamen
232 967 268 1013 t&
280 962 366 1030 tepidae
376 979 474 1013 manant
485 980 512 1012 ex
525 964 607 1012 arbore
615 977 697 1027 gutte.
795 963 840 1011 50)

67 1040 116 1089 Est
126 1043 205 1090 honor
221 1045 246 1091 ὃ(
265 1037 376 1105 lacrymis
386 1061 393 1092 t
408 1041 540 1108 stillataque
551 1043 639 1090 cortice
650 1041 750 1102 Myrrha

68 1117 176 1173 Nomen
184 1120 259 1170 herile
276 1133 355 1180 tenet,
371 1120 479 1191 nullique
495 1121 611 1172 tacebitur
625 1135 688 1174 evo.

106 1265 139 1314 At
150 1264 215 1314 mali
224 1282 352 1332 conceptus
366 1269 408 1319 nb
419 1268 504 1321 robore
515 1280 623 1318 creverat
631 1264 727 1326 infins3

68 1343 248 1411 Querebatque
261 1347 344 1408 viam,
356 1347 405 1416 qui
416 1349 453 1406 se,
465 1349 579 1414 genitrice
588 1343 684 1406 relidi,

67 1420 204 1471 Exsereret.
216 1421 299 1477 Medii
307 1423 417 1492 gravidus
429 1440 506 1478 tumet
516 1426 599 1474 arbore
608 1438 700 1474 venter.
794 1431 839 1479 505

68 1497 166 1554 Tendit
176 1517 236 1556 ottus
247 1517 367 1564 matrem,
380 1519 423 1552 nec
432 1504 520 1553 habent
529 1504 570 1553 sua
579 1503 651 1552 verba
660 1499 754 1550 dolores
764 1517 775 1559 ·,

66 1577 124 1626 Nec
140 1579 236 1634 Lucina,
244 1581 320 1646 potest
334 1583 444 1648 parientis
458 1599 518 1634 voce
531 1583 623 1634 vocari.

68 1656 168 1711 Nitenti
182 1673 262 1708 tamen
275 1659 307 1708 est
318 1661 419 1722 sitrtilis,
430 1675 572 1730 curvataque
589 1659 683 1708 crebros
700 1669 706 1684 ‘

67 1735 123 1785 Dat
137 1740 240 1802 gemitus
252 1739 321 1791 arbor
331 1738 502 1808 :lacrymisque
513 1737 651 1787 cadentibus
662 1739 755 1788 humet.
828 1765 832 1775 ·

66 1812 189 1864 Constitit
200 1814 230 1865 ad
245 1833 322 1866 ramos
334 1819 398 1867 mitis
408 1817 498 1870 lucina
507 1815 615 1868 dolentes
625 1852 632 1875 ,
790 1831 838 1875 510

65 1891 235 1960 Admovitque
253 1912 354 1954 manus,
367 1899 392 1944 &
401 1897 473 1944 verba
483 1910 596 1960 puerpera
606 1890 674 1942 dixit.

66 1973 150 2028 Arbor
160 1977 209 2040 agit
219 1977 288 2024 rimas
298 1993 306 2034 3
322 1978 364 2034 δι,
376 1973 430 2023 fissi
437 1977 526 2040 cortice
534 2007 542 2034 ,
554 1976 637 2023 vivum

17 2115 21 2121 Ι
65 2049 161 2104 Reddit
177 2070 253 2112 ortus,
268 2055 381 2120 vagitque
395 2039 454 2118 puer
465 2071 472 2100 r
484 2069 556 2119 quem
568 2051 682 2101 mollibus
692 2051 772 2101 herbis,

65 2129 159 2186 Naides
168 2135 311 2198 impositum,
320 2131 431 2200 lacrymis
446 2147 532 2188 unxere
543 2132 658 2198 parentis.

65 2208 188 2258 Laudaret
205 2209 291 2258 facient
308 2211 380 2258 Livor
390 2225 493 2276 quoque.
507 2211 592 2268 Qualia
600 2203 703 2274 namque
788 2218 834 2266 5¹¹5

65 2286 181 2351 Corpora
195 2285 317 2344 nudorum
328 2285 411 2344 sabuli
417 2289 546 2352 pinguntur
558 2287 691 2348 Amorum,

66 2365 136 2413 Talis
148 2380 214 2414 erat:
228 2364 284 2425 sed,
299 2383 329 2414 ne
345 2365 416 2420 faciat
430 2364 565 2416 discrimina
579 2367 672 2427 cultus,

66 2443 116 2492 Aut
127 2444 183 2493 huic
195 2441 256 2493 adde
266 2429 343 2503 leves,
354 2459 394 2494 aut
403 2444 450 2492 illis
457 2443 526 2494 deme
534 2446 664 2508 pharetras

66 2522 168 2578 Labitur
178 2522 272 2572 occulti
282 2522 411 2612 ,fallitque
422 2523 526 2578 volatilis
534 2539 606 2588 aetas2

66 2601 99 2648 Et
112 2600 175 2650 nihil
192 2601 225 2650 est
235 2603 301 2650 annis
312 2569 429 2658 velocius.
439 2601 482 2659 ille
491 2603 572 2658 sorore
786 2599 835 2646 μθ

66 2679 145 2727 Natus
155 2695 249 2744 avoque
256 2680 315 2738 suo,
328 2682 369 2745 qui
381 2677 493 2736 conditus
499 2681 582 2728 arbore
592 2695 686 2746 nuper,

66 2755 151 2822 Nuper
157 2773 207 2808 erat
216 2759 308 2822 genitus
318 2774 326 2816 3
338 2755 416 2812 modo,
427 2757 610 2808 formosissimus
620 2759 712 2817 infans3

64 2838 119 2896 ianr
140 2837 253 2900 juvenis,
269 2838 316 2897 jam
330 2837 381 2892 vir,
393 2839 440 2898 iam
453 2835 475 2882 ie
488 2835 615 2884 formosior
626 2839 675 2900 ipso
684 2837 729 2886 este

63 2914 119 2974 ditm.
127 2914 243 2989 platee&
255 2913 358 2978 Venerip
366 2915 495 2987 matrisque
507 2912 627 2978 ulciscitur
640 2916 720 2988 ignes„
761 2965 782 2992 a

719 3013 723 3020 ·
735 2999 740 3026 l
