<?xml version="1.0" encoding="UTF-8"?>
<!DOCTYPE html PUBLIC "-//W3C//DTD XHTML 1.0 Transitional//EN"
    "http://www.w3.org/TR/xhtml1/DTD/xhtml1-transitional.dtd">
<html xmlns="http://www.w3.org/1999/xhtml" xml:lang="en" lang="en">
 <head>
  <title>
</title>
<meta http-equiv="Content-Type" content="text/html;charset=utf-8" />
  <meta name='ocr-system' content='tesseract 3.04.00' />
  <meta name='ocr-capabilities' content='ocr_page ocr_carea ocr_par ocr_line ocrx_word'/>
</head>
<body>
  <div class='ocr_page' id='page_1' title='image "./povidiinasoniso06ovidgoog_0289.png"; bbox 0 0 2036 3714; ppageno 0'>
   <div class='ocr_carea' id='block_1_1' title="bbox 208 250 895 324">
    <p class='ocr_par' dir='ltr' id='par_1_1' title="bbox 208 250 895 324">
     <span class='ocr_line' id='line_1_1' title="bbox 208 250 895 324; baseline -0.006 0"><span class='ocrx_word' id='word_1_1' title='bbox 208 260 276 324; x_wconf 79' lang='lat'>282</span> <span class='ocrx_word' id='word_1_2' title='bbox 313 253 357 323; x_wconf 88' lang='lat' dir='ltr'>P.</span> <span class='ocrx_word' id='word_1_3' title='bbox 379 252 508 321; x_wconf 74' lang='lat' dir='ltr'>Ovrn.</span> <span class='ocrx_word' id='word_1_4' title='bbox 528 253 631 321; x_wconf 75' lang='grc' dir='ltr'><em>ΝΑε.</em></span> <span class='ocrx_word' id='word_1_5' title='bbox 649 250 844 320; x_wconf 74' lang='lat' dir='ltr'>MnTAu.</span> <span class='ocrx_word' id='word_1_6' title='bbox 892 253 895 260; x_wconf 84' lang='grc'><em>“</em></span> 
     </span>
    </p>
   </div>
   <div class='ocr_carea' id='block_1_2' title="bbox 120 371 1014 3476">
    <p class='ocr_par' dir='ltr' id='par_1_2' title="bbox 120 371 1014 3476">
     <span class='ocr_line' id='line_1_2' title="bbox 206 371 796 439; baseline -0.005 -14"><span class='ocrx_word' id='word_1_7' title='bbox 206 376 290 425; x_wconf 87' lang='lat' dir='ltr'>Delius</span> <span class='ocrx_word' id='word_1_8' title='bbox 305 371 451 439; x_wconf 78' lang='lat' dir='ltr'><strong>indulgens,</strong></span> <span class='ocrx_word' id='word_1_9' title='bbox 468 372 557 422; x_wconf 79' lang='lat' dir='ltr'>nebuli</span> <span class='ocrx_word' id='word_1_10' title='bbox 566 371 657 422; x_wconf 86' lang='lat' dir='ltr'>velatus</span> <span class='ocrx_word' id='word_1_11' title='bbox 668 375 694 422; x_wconf 89' lang='lat' dir='ltr'>in</span> <span class='ocrx_word' id='word_1_12' title='bbox 705 389 796 438; x_wconf 79' lang='lat' dir='ltr'>agmen</span> 
     </span>
     <span class='ocr_line' id='line_1_3' title="bbox 207 449 828 517; baseline -0.01 -12"><span class='ocrx_word' id='word_1_13' title='bbox 207 456 318 505; x_wconf 87' lang='lat' dir='ltr'>Pervenit</span> <span class='ocrx_word' id='word_1_14' title='bbox 327 453 428 502; x_wconf 83' lang='lat' dir='ltr'>Iliacum</span> <span class='ocrx_word' id='word_1_15' title='bbox 441 469 449 511; x_wconf 89' lang='lat'>;</span> <span class='ocrx_word' id='word_1_16' title='bbox 464 449 592 517; x_wconf 68' lang='lat' dir='ltr'>mediique</span> <span class='ocrx_word' id='word_1_17' title='bbox 603 449 628 500; x_wconf 86' lang='lat' dir='ltr'>ln</span> <span class='ocrx_word' id='word_1_18' title='bbox 639 449 704 500; x_wconf 74' lang='lat' dir='ltr'>cede</span> <span class='ocrx_word' id='word_1_19' title='bbox 714 454 828 500; x_wconf 83' lang='lat' dir='ltr'>virorum</span> 
     </span>
     <span class='ocr_line' id='line_1_4' title="bbox 158 529 794 598; baseline 0 -20"><span class='ocrx_word' id='word_1_20' title='bbox 158 533 269 581; x_wconf 67' lang='lat' dir='ltr'>tonum</span> <span class='ocrx_word' id='word_1_21' title='bbox 278 547 320 598; x_wconf 92' lang='lat' dir='ltr'>per</span> <span class='ocrx_word' id='word_1_22' title='bbox 330 534 427 596; x_wconf 79' lang='lat' dir='ltr'>ignotos</span> <span class='ocrx_word' id='word_1_23' title='bbox 438 529 587 594; x_wconf 81' lang='lat' dir='ltr'>spargentem</span> <span class='ocrx_word' id='word_1_24' title='bbox 598 531 674 577; x_wconf 85' lang='lat' dir='ltr'>cernit</span> <span class='ocrx_word' id='word_1_25' title='bbox 685 530 794 578; x_wconf 76' lang='lat' dir='ltr'>Achivos</span> 
     </span>
     <span class='ocr_line' id='line_1_5' title="bbox 207 599 890 670; baseline -0.007 -12"><span class='ocrx_word' id='word_1_26' title='bbox 207 608 269 658; x_wconf 87' lang='lat' dir='ltr'>Tela</span> <span class='ocrx_word' id='word_1_27' title='bbox 279 609 350 656; x_wconf 88' lang='lat' dir='ltr'>Parin</span> <span class='ocrx_word' id='word_1_28' title='bbox 361 625 367 654; x_wconf 75' lang='grc' dir='ltr'><strong>ι</strong></span> <span class='ocrx_word' id='word_1_29' title='bbox 380 599 498 670; x_wconf 81' lang='lat' dir='ltr'>laffusque</span> <span class='ocrx_word' id='word_1_30' title='bbox 509 603 590 652; x_wconf 81' lang='lat' dir='ltr'>Deum</span> <span class='ocrx_word' id='word_1_31' title='bbox 602 639 612 664; x_wconf 89' lang='lat'><strong>,</strong></span> <span class='ocrx_word' id='word_1_32' title='bbox 622 602 688 664; x_wconf 85' lang='lat' dir='ltr'>Quid</span> <span class='ocrx_word' id='word_1_33' title='bbox 699 603 793 668; x_wconf 87' lang='lat' dir='ltr'>spicula</span> <span class='ocrx_word' id='word_1_34' title='bbox 803 602 890 668; x_wconf 85' lang='lat' dir='ltr'>perdis</span> 
     </span>
     <span class='ocr_line' id='line_1_6' title="bbox 207 682 897 752; baseline -0.007 -16"><span class='ocrx_word' id='word_1_35' title='bbox 207 687 326 752; x_wconf 79' lang='lat' dir='ltr'>Sanguine</span> <span class='ocrx_word' id='word_1_36' title='bbox 339 683 414 750; x_wconf 83' lang='lat' dir='ltr'>plebis</span> <span class='ocrx_word' id='word_1_37' title='bbox 427 689 435 734; x_wconf 70' lang='grc' dir='ltr'>ξ</span> <span class='ocrx_word' id='word_1_38' title='bbox 452 685 528 731; x_wconf 74' lang='lat' dir='ltr'>aitrsi</span> <span class='ocrx_word' id='word_1_39' title='bbox 539 698 587 748; x_wconf 83' lang='lat' dir='ltr'>qua</span> <span class='ocrx_word' id='word_1_40' title='bbox 597 682 630 730; x_wconf 81' lang='lat' dir='ltr'>est</span> <span class='ocrx_word' id='word_1_41' title='bbox 645 683 690 730; x_wconf 89' lang='lat' dir='ltr'>tibi</span> <span class='ocrx_word' id='word_1_42' title='bbox 701 697 758 730; x_wconf 89' lang='lat' dir='ltr'>cura</span> <span class='ocrx_word' id='word_1_43' title='bbox 771 697 897 743; x_wconf 87' lang='lat' dir='ltr'>tuorum,</span> 
     </span>
     <span class='ocr_line' id='line_1_7' title="bbox 206 759 883 826; baseline -0.01 -10"><span class='ocrx_word' id='word_1_44' title='bbox 206 765 306 816; x_wconf 81' lang='lat' dir='ltr'>Vertere</span> <span class='ocrx_word' id='word_1_45' title='bbox 326 766 351 812; x_wconf 89' lang='lat' dir='ltr'>in</span> <span class='ocrx_word' id='word_1_46' title='bbox 370 759 500 816; x_wconf 68' lang='lat' dir='ltr'>leacideu,</span> <span class='ocrx_word' id='word_1_47' title='bbox 518 761 636 826; x_wconf 67' lang='lat' dir='ltr'>cesosque</span> <span class='ocrx_word' id='word_1_48' title='bbox 654 759 770 810; x_wconf 83' lang='lat' dir='ltr'>ulciscere</span> <span class='ocrx_word' id='word_1_49' title='bbox 780 760 883 810; x_wconf 83' lang='lat' dir='ltr'>fratres.</span> 
     </span>
     <span class='ocr_line' id='line_1_8' title="bbox 206 838 781 892; baseline -0.007 0"><span class='ocrx_word' id='word_1_50' title='bbox 206 843 291 892; x_wconf 84' lang='lat' dir='ltr'>Dixit:</span> <span class='ocrx_word' id='word_1_51' title='bbox 304 846 328 890; x_wconf 73' lang='lat' dir='ltr'>dt</span> <span class='ocrx_word' id='word_1_52' title='bbox 339 839 463 891; x_wconf 84' lang='lat' dir='ltr'>ostendens</span> <span class='ocrx_word' id='word_1_53' title='bbox 476 841 618 888; x_wconf 86' lang='lat' dir='ltr'>sternentem</span> <span class='ocrx_word' id='word_1_54' title='bbox 628 839 704 888; x_wconf 83' lang='lat' dir='ltr'>Troia</span> <span class='ocrx_word' id='word_1_55' title='bbox 716 838 781 890; x_wconf 87' lang='lat' dir='ltr'>ferto</span> 
     </span>
     <span class='ocr_line' id='line_1_9' title="bbox 163 917 784 987; baseline -0.011 -14"><span class='ocrx_word' id='word_1_56' title='bbox 163 920 321 987; x_wconf 80' lang='lat' dir='ltr'>‘05Corpora</span> <span class='ocrx_word' id='word_1_57' title='bbox 332 917 430 968; x_wconf 80' lang='lat' dir='ltr'>Peliden</span> <span class='ocrx_word' id='word_1_58' title='bbox 441 954 448 979; x_wconf 91' lang='lat'>,</span> <span class='ocrx_word' id='word_1_59' title='bbox 462 935 528 967; x_wconf 89' lang='lat' dir='ltr'>arcus</span> <span class='ocrx_word' id='word_1_60' title='bbox 539 919 643 967; x_wconf 76' lang='lat' dir='ltr'>obvertit</span> <span class='ocrx_word' id='word_1_61' title='bbox 653 921 679 966; x_wconf 88' lang='lat' dir='ltr'>in</span> <span class='ocrx_word' id='word_1_62' title='bbox 692 917 765 967; x_wconf 87' lang='lat' dir='ltr'>illum</span> <span class='ocrx_word' id='word_1_63' title='bbox 776 935 784 978; x_wconf 61' lang='grc' dir='ltr'>ξ</span> 
     </span>
     <span class='ocr_line' id='line_1_10' title="bbox 207 995 737 1065; baseline -0.006 -16"><span class='ocrx_word' id='word_1_64' title='bbox 207 999 328 1065; x_wconf 73' lang='lat' dir='ltr'>Certaque</span> <span class='ocrx_word' id='word_1_65' title='bbox 343 997 438 1047; x_wconf 81' lang='lat' dir='ltr'>letiferi</span> <span class='ocrx_word' id='word_1_66' title='bbox 449 995 535 1046; x_wconf 84' lang='lat' dir='ltr'>direxit</span> <span class='ocrx_word' id='word_1_67' title='bbox 545 997 634 1061; x_wconf 86' lang='lat' dir='ltr'>spicula</span> <span class='ocrx_word' id='word_1_68' title='bbox 645 995 737 1046; x_wconf 77' lang='lat' dir='ltr'>dextri.</span> 
     </span>
     <span class='ocr_line' id='line_1_11' title="bbox 207 1073 915 1143; baseline 0.004 -17"><span class='ocrx_word' id='word_1_69' title='bbox 207 1074 280 1137; x_wconf 89' lang='lat' dir='ltr'>Quod</span> <span class='ocrx_word' id='word_1_70' title='bbox 291 1077 397 1126; x_wconf 82' lang='lat' dir='ltr'>Priamus</span> <span class='ocrx_word' id='word_1_71' title='bbox 414 1073 516 1142; x_wconf 80' lang='lat' dir='ltr'>gaudere</span> <span class='ocrx_word' id='word_1_72' title='bbox 532 1077 600 1124; x_wconf 78' lang='lat' dir='ltr'>senex</span> <span class='ocrx_word' id='word_1_73' title='bbox 616 1075 669 1140; x_wconf 89' lang='lat' dir='ltr'>post</span> <span class='ocrx_word' id='word_1_74' title='bbox 685 1075 789 1126; x_wconf 75' lang='lat' dir='ltr'>Hedera</span> <span class='ocrx_word' id='word_1_75' title='bbox 806 1075 894 1143; x_wconf 84' lang='lat' dir='ltr'>poll&#39;et</span> <span class='ocrx_word' id='word_1_76' title='bbox 902 1113 915 1142; x_wconf 90' lang='lat'>‚</span> 
     </span>
     <span class='ocr_line' id='line_1_12' title="bbox 206 1153 836 1224; baseline 0.002 -20"><span class='ocrx_word' id='word_1_77' title='bbox 206 1153 261 1204; x_wconf 82' lang='lat' dir='ltr'>Hoc</span> <span class='ocrx_word' id='word_1_78' title='bbox 276 1155 330 1204; x_wconf 85' lang='lat' dir='ltr'>fuit.</span> <span class='ocrx_word' id='word_1_79' title='bbox 343 1153 386 1203; x_wconf 90' lang='lat' dir='ltr'>llle</span> <span class='ocrx_word' id='word_1_80' title='bbox 394 1157 467 1220; x_wconf 82' lang='lat' dir='ltr'>igitur</span> <span class='ocrx_word' id='word_1_81' title='bbox 476 1169 598 1204; x_wconf 84' lang='lat' dir='ltr'>tantorum</span> <span class='ocrx_word' id='word_1_82' title='bbox 609 1156 704 1224; x_wconf 63' lang='lat' dir='ltr'>uictor,</span> <span class='ocrx_word' id='word_1_83' title='bbox 715 1155 813 1205; x_wconf 76' lang='lat' dir='ltr'>Achille</span> <span class='ocrx_word' id='word_1_84' title='bbox 824 1191 836 1217; x_wconf 85' lang='lat'>‚</span> 
     </span>
     <span class='ocr_line' id='line_1_13' title="bbox 207 1231 778 1298; baseline 0.002 -16"><span class='ocrx_word' id='word_1_85' title='bbox 207 1233 343 1283; x_wconf 82' lang='lat' dir='ltr'>Vincetisa</span> <span class='ocrx_word' id='word_1_86' title='bbox 360 1231 448 1283; x_wconf 89' lang='lat' dir='ltr'>timido</span> <span class='ocrx_word' id='word_1_87' title='bbox 463 1234 540 1298; x_wconf 80' lang='lat' dir='ltr'>Grajae</span> <span class='ocrx_word' id='word_1_88' title='bbox 554 1247 648 1298; x_wconf 87' lang='lat' dir='ltr'>raptore</span> <span class='ocrx_word' id='word_1_89' title='bbox 666 1236 778 1283; x_wconf 75' lang='lat' dir='ltr'>maritaei</span> 
     </span>
     <span class='ocr_line' id='line_1_14' title="bbox 159 1309 1014 1373; baseline -0.001 -11"><span class='ocrx_word' id='word_1_90' title='bbox 159 1314 238 1364; x_wconf 63' lang='lat' dir='ltr'>croit</span> <span class='ocrx_word' id='word_1_91' title='bbox 256 1315 276 1361; x_wconf 88' lang='lat' dir='ltr'>si</span> <span class='ocrx_word' id='word_1_92' title='bbox 288 1311 393 1364; x_wconf 84' lang='lat' dir='ltr'>feminco</span> <span class='ocrx_word' id='word_1_93' title='bbox 411 1311 487 1361; x_wconf 88' lang='lat' dir='ltr'>fuerat</span> <span class='ocrx_word' id='word_1_94' title='bbox 501 1313 546 1361; x_wconf 88' lang='lat' dir='ltr'>tibi</span> <span class='ocrx_word' id='word_1_95' title='bbox 561 1313 640 1361; x_wconf 83' lang='lat' dir='ltr'>Marte</span> <span class='ocrx_word' id='word_1_96' title='bbox 657 1309 814 1373; x_wconf 84' lang='lat' dir='ltr'>cadendum,</span> <span class='ocrx_word' id='word_1_97' title='bbox 1013 1309 1014 1312; x_wconf 51' lang='lat'>&#39;</span> 
     </span>
     <span class='ocr_line' id='line_1_15' title="bbox 207 1349 1014 1454; baseline -0.004 -16"><span class='ocrx_word' id='word_1_98' title='bbox 207 1388 430 1440; x_wconf 76' lang='lat' dir='ltr'>Thermodontiaci</span> <span class='ocrx_word' id='word_1_99' title='bbox 442 1389 524 1439; x_wconf 83' lang='lat' dir='ltr'>rnnlles</span> <span class='ocrx_word' id='word_1_100' title='bbox 534 1386 644 1438; x_wconf 80' lang='lat' dir='ltr'>cecidilse</span> <span class='ocrx_word' id='word_1_101' title='bbox 655 1390 762 1454; x_wconf 85' lang='lat' dir='ltr'>bipenni.</span> <span class='ocrx_word' id='word_1_102' title='bbox 1013 1349 1014 1424; x_wconf 39' lang='lat' dir='ltr'>i</span> 
     </span>
     <span class='ocr_line' id='line_1_16' title="bbox 206 1466 890 1536; baseline 0.006 -20"><span class='ocrx_word' id='word_1_103' title='bbox 206 1469 258 1516; x_wconf 84' lang='lat' dir='ltr'>Jam</span> <span class='ocrx_word' id='word_1_104' title='bbox 271 1471 345 1518; x_wconf 89' lang='lat' dir='ltr'>timor</span> <span class='ocrx_word' id='word_1_105' title='bbox 363 1467 405 1518; x_wconf 89' lang='lat' dir='ltr'>ille</span> <span class='ocrx_word' id='word_1_106' title='bbox 414 1469 555 1534; x_wconf 78' lang='lat' dir='ltr'>Phrygum,</span> <span class='ocrx_word' id='word_1_107' title='bbox 572 1466 643 1517; x_wconf 85' lang='lat' dir='ltr'>decus</span> <span class='ocrx_word' id='word_1_108' title='bbox 655 1472 679 1516; x_wconf 78' lang='grc' dir='ltr'>δι</span> <span class='ocrx_word' id='word_1_109' title='bbox 691 1467 769 1520; x_wconf 82' lang='lat' dir='ltr'>tutela</span> <span class='ocrx_word' id='word_1_110' title='bbox 784 1468 890 1536; x_wconf 78' lang='lat' dir='ltr'>Pelasgi</span> 
     </span>
     <span class='ocr_line' id='line_1_17' title="bbox 205 1545 846 1611; baseline -0.003 -13"><span class='ocrx_word' id='word_1_111' title='bbox 205 1546 320 1598; x_wconf 79' lang='lat' dir='ltr'>Nominis</span> <span class='ocrx_word' id='word_1_112' title='bbox 332 1581 341 1608; x_wconf 92' lang='lat'>,</span> <span class='ocrx_word' id='word_1_113' title='bbox 367 1547 384 1578; x_wconf 54' lang='grc' dir='ltr'><em>ἶ</em></span> <span class='ocrx_word' id='word_1_114' title='bbox 392 1545 488 1604; x_wconf 78' lang='lat' dir='ltr'>acidos,</span> <span class='ocrx_word' id='word_1_115' title='bbox 505 1561 578 1610; x_wconf 86' lang='lat' dir='ltr'>caput</span> <span class='ocrx_word' id='word_1_116' title='bbox 588 1547 745 1611; x_wconf 82' lang='lat' dir='ltr'>insuperabile</span> <span class='ocrx_word' id='word_1_117' title='bbox 757 1547 846 1603; x_wconf 86' lang='lat' dir='ltr'>bello,</span> 
     </span>
     <span class='ocr_line' id='line_1_18' title="bbox 207 1623 889 1693; baseline 0.007 -21"><span class='ocrx_word' id='word_1_118' title='bbox 207 1625 300 1674; x_wconf 82' lang='lat' dir='ltr'>Arserat</span> <span class='ocrx_word' id='word_1_119' title='bbox 311 1641 319 1682; x_wconf 84' lang='lat'>3</span> <span class='ocrx_word' id='word_1_120' title='bbox 333 1624 437 1673; x_wconf 78' lang='lat' dir='ltr'>armirat</span> <span class='ocrx_word' id='word_1_121' title='bbox 447 1623 516 1693; x_wconf 81' lang='lat' dir='ltr'>Deus</span> <span class='ocrx_word' id='word_1_122' title='bbox 528 1623 610 1684; x_wconf 87' lang='lat' dir='ltr'>idern,</span> <span class='ocrx_word' id='word_1_123' title='bbox 623 1624 736 1692; x_wconf 85' lang='lat' dir='ltr'>idemque</span> <span class='ocrx_word' id='word_1_124' title='bbox 746 1627 889 1677; x_wconf 64' lang='lat' dir='ltr'>cremitae.</span> 
     </span>
     <span class='ocr_line' id='line_1_19' title="bbox 159 1699 844 1766; baseline 0.006 -18"><span class='ocrx_word' id='word_1_125' title='bbox 159 1703 260 1760; x_wconf 79' lang='lat' dir='ltr'>615Jam</span> <span class='ocrx_word' id='word_1_126' title='bbox 278 1704 336 1750; x_wconf 89' lang='lat' dir='ltr'>cinis</span> <span class='ocrx_word' id='word_1_127' title='bbox 348 1701 398 1759; x_wconf 78' lang='lat' dir='ltr'>est3</span> <span class='ocrx_word' id='word_1_128' title='bbox 417 1705 441 1750; x_wconf 71' lang='lat' dir='ltr'>dc</span> <span class='ocrx_word' id='word_1_129' title='bbox 458 1699 488 1750; x_wconf 90' lang='lat' dir='ltr'>de</span> <span class='ocrx_word' id='word_1_130' title='bbox 500 1717 549 1751; x_wconf 84' lang='lat' dir='ltr'>tam</span> <span class='ocrx_word' id='word_1_131' title='bbox 561 1719 650 1766; x_wconf 78' lang='lat' dir='ltr'>magno</span> <span class='ocrx_word' id='word_1_132' title='bbox 660 1703 730 1753; x_wconf 80' lang='lat' dir='ltr'>restat</span> <span class='ocrx_word' id='word_1_133' title='bbox 741 1704 844 1752; x_wconf 82' lang='lat' dir='ltr'>Achille</span> 
     </span>
     <span class='ocr_line' id='line_1_20' title="bbox 207 1777 943 1846; baseline 0.008 -18"><span class='ocrx_word' id='word_1_134' title='bbox 207 1780 294 1829; x_wconf 88' lang='lat' dir='ltr'>Nescio</span> <span class='ocrx_word' id='word_1_135' title='bbox 305 1777 378 1846; x_wconf 81' lang='lat' dir='ltr'>quid,</span> <span class='ocrx_word' id='word_1_136' title='bbox 391 1795 488 1844; x_wconf 81' lang='lat' dir='ltr'>parvam</span> <span class='ocrx_word' id='word_1_137' title='bbox 495 1778 562 1846; x_wconf 83' lang='lat' dir='ltr'>quod</span> <span class='ocrx_word' id='word_1_138' title='bbox 573 1797 623 1830; x_wconf 90' lang='lat' dir='ltr'>non</span> <span class='ocrx_word' id='word_1_139' title='bbox 634 1783 692 1830; x_wconf 86' lang='lat' dir='ltr'>bene</span> <span class='ocrx_word' id='word_1_140' title='bbox 702 1782 830 1846; x_wconf 83' lang='lat' dir='ltr'>compleat</span> <span class='ocrx_word' id='word_1_141' title='bbox 839 1800 943 1834; x_wconf 81' lang='lat' dir='ltr'>urnam.</span> 
     </span>
     <span class='ocr_line' id='line_1_21' title="bbox 206 1859 881 1925; baseline 0.003 -15"><span class='ocrx_word' id='word_1_142' title='bbox 206 1861 239 1910; x_wconf 80' lang='lat' dir='ltr'>At</span> <span class='ocrx_word' id='word_1_143' title='bbox 259 1863 339 1918; x_wconf 85' lang='lat' dir='ltr'>vivit,</span> <span class='ocrx_word' id='word_1_144' title='bbox 360 1874 439 1910; x_wconf 83' lang='lat' dir='ltr'>rorum</span> <span class='ocrx_word' id='word_1_145' title='bbox 450 1875 502 1925; x_wconf 76' lang='lat' dir='ltr'>quae</span> <span class='ocrx_word' id='word_1_146' title='bbox 512 1893 520 1918; x_wconf 91' lang='lat'>,</span> <span class='ocrx_word' id='word_1_147' title='bbox 531 1859 627 1925; x_wconf 80' lang='lat' dir='ltr'>gloria,</span> <span class='ocrx_word' id='word_1_148' title='bbox 639 1860 761 1925; x_wconf 81' lang='lat' dir='ltr'>compleat</span> <span class='ocrx_word' id='word_1_149' title='bbox 772 1863 881 1912; x_wconf 86' lang='lat' dir='ltr'>orbem.</span> 
     </span>
     <span class='ocr_line' id='line_1_22' title="bbox 207 1936 803 2002; baseline 0.002 -15"><span class='ocrx_word' id='word_1_150' title='bbox 207 1937 265 1988; x_wconf 85' lang='lat' dir='ltr'>Haec</span> <span class='ocrx_word' id='word_1_151' title='bbox 281 1937 318 1986; x_wconf 89' lang='lat' dir='ltr'>illl</span> <span class='ocrx_word' id='word_1_152' title='bbox 329 1939 438 1988; x_wconf 86' lang='lat' dir='ltr'>mensura</span> <span class='ocrx_word' id='word_1_153' title='bbox 451 1941 504 1988; x_wconf 82' lang='lat' dir='ltr'>viro</span> <span class='ocrx_word' id='word_1_154' title='bbox 513 1936 642 2002; x_wconf 79' lang='lat' dir='ltr'>respondet</span> <span class='ocrx_word' id='word_1_155' title='bbox 652 1957 658 1988; x_wconf 72' lang='grc' dir='ltr'><strong>ε</strong></span> <span class='ocrx_word' id='word_1_156' title='bbox 670 1942 694 1992; x_wconf 75' lang='lat' dir='ltr'>dt</span> <span class='ocrx_word' id='word_1_157' title='bbox 705 1940 750 1988; x_wconf 80' lang='lat' dir='ltr'>hac</span> <span class='ocrx_word' id='word_1_158' title='bbox 767 1939 803 1988; x_wconf 85' lang='lat' dir='ltr'>est</span> 
     </span>
     <span class='ocr_line' id='line_1_23' title="bbox 208 2015 770 2077; baseline 0.004 -11"><span class='ocrx_word' id='word_1_159' title='bbox 208 2017 253 2066; x_wconf 87' lang='lat' dir='ltr'>Par</span> <span class='ocrx_word' id='word_1_160' title='bbox 263 2017 308 2065; x_wconf 87' lang='lat' dir='ltr'>sibi</span> <span class='ocrx_word' id='word_1_161' title='bbox 319 2016 426 2077; x_wconf 82' lang='lat' dir='ltr'>Pelides,</span> <span class='ocrx_word' id='word_1_162' title='bbox 437 2033 480 2065; x_wconf 88' lang='lat' dir='ltr'>nec</span> <span class='ocrx_word' id='word_1_163' title='bbox 491 2019 570 2066; x_wconf 71' lang='lat' dir='ltr'>inania</span> <span class='ocrx_word' id='word_1_164' title='bbox 579 2015 679 2066; x_wconf 84' lang='lat' dir='ltr'>Tartara</span> <span class='ocrx_word' id='word_1_165' title='bbox 689 2019 770 2068; x_wconf 87' lang='lat' dir='ltr'>sentit.</span> 
     </span>
     <span class='ocr_line' id='line_1_24' title="bbox 148 2085 851 2160; baseline 0.011 -23"><span class='ocrx_word' id='word_1_166' title='bbox 148 2085 260 2158; x_wconf 66' lang='lat' dir='ltr'>¹{tuipse</span> <span class='ocrx_word' id='word_1_167' title='bbox 272 2097 362 2154; x_wconf 86' lang='lat' dir='ltr'>etiam,</span> <span class='ocrx_word' id='word_1_168' title='bbox 381 2109 408 2143; x_wconf 85' lang='lat' dir='ltr'>ut</span> <span class='ocrx_word' id='word_1_169' title='bbox 421 2099 487 2159; x_wconf 70' lang='lat' dir='ltr'>cuius</span> <span class='ocrx_word' id='word_1_170' title='bbox 504 2093 577 2142; x_wconf 83' lang='lat' dir='ltr'>fuerit</span> <span class='ocrx_word' id='word_1_171' title='bbox 590 2097 735 2159; x_wconf 79' lang='lat' dir='ltr'>cognoscere</span> <span class='ocrx_word' id='word_1_172' title='bbox 750 2097 830 2160; x_wconf 79' lang='lat' dir='ltr'>poesis</span> <span class='ocrx_word' id='word_1_173' title='bbox 839 2129 851 2152; x_wconf 85' lang='lat'>‚</span> 
     </span>
     <span class='ocr_line' id='line_1_25' title="bbox 207 2171 888 2239; baseline 0.007 -18"><span class='ocrx_word' id='word_1_174' title='bbox 207 2172 275 2221; x_wconf 88' lang='lat' dir='ltr'>Bella</span> <span class='ocrx_word' id='word_1_175' title='bbox 288 2188 371 2222; x_wconf 88' lang='lat' dir='ltr'>movet</span> <span class='ocrx_word' id='word_1_176' title='bbox 388 2172 483 2238; x_wconf 85' lang='lat' dir='ltr'>clypeus</span> <span class='ocrx_word' id='word_1_177' title='bbox 494 2171 587 2239; x_wconf 84' lang='lat' dir='ltr'>:deque</span> <span class='ocrx_word' id='word_1_178' title='bbox 597 2176 668 2221; x_wconf 83' lang='lat' dir='ltr'>armis</span> <span class='ocrx_word' id='word_1_179' title='bbox 678 2190 744 2222; x_wconf 74' lang='lat' dir='ltr'>mma</span> <span class='ocrx_word' id='word_1_180' title='bbox 753 2173 888 2226; x_wconf 82' lang='lat' dir='ltr'>feruntur.</span> 
     </span>
     <span class='ocr_line' id='line_1_26' title="bbox 120 2249 777 2316; baseline 0.003 -18"><span class='ocrx_word' id='word_1_181' title='bbox 120 2280 122 2287; x_wconf 54' lang='grc' dir='ltr'><strong><em>ι</em></strong></span> <span class='ocrx_word' id='word_1_182' title='bbox 208 2249 266 2298; x_wconf 86' lang='lat' dir='ltr'>Nou</span> <span class='ocrx_word' id='word_1_183' title='bbox 278 2267 305 2298; x_wconf 84' lang='lat' dir='ltr'>ea</span> <span class='ocrx_word' id='word_1_184' title='bbox 322 2249 444 2312; x_wconf 76' lang='lat' dir='ltr'>Tydides,</span> <span class='ocrx_word' id='word_1_185' title='bbox 462 2265 512 2299; x_wconf 90' lang='lat' dir='ltr'>non</span> <span class='ocrx_word' id='word_1_186' title='bbox 522 2249 593 2300; x_wconf 86' lang='lat' dir='ltr'>audet</span> <span class='ocrx_word' id='word_1_187' title='bbox 605 2251 689 2300; x_wconf 84' lang='lat' dir='ltr'>Oileos</span> <span class='ocrx_word' id='word_1_188' title='bbox 698 2255 777 2316; x_wconf 78' lang='lat' dir='ltr'>Ajax,</span> 
     </span>
     <span class='ocr_line' id='line_1_27' title="bbox 208 2325 833 2392; baseline 0.003 -16"><span class='ocrx_word' id='word_1_189' title='bbox 208 2326 267 2376; x_wconf 89' lang='lat' dir='ltr'>Non</span> <span class='ocrx_word' id='word_1_190' title='bbox 283 2330 362 2376; x_wconf 89' lang='lat' dir='ltr'>minor</span> <span class='ocrx_word' id='word_1_191' title='bbox 376 2325 483 2384; x_wconf 81' lang='lat' dir='ltr'>Atrides,</span> <span class='ocrx_word' id='word_1_192' title='bbox 498 2343 548 2375; x_wconf 87' lang='lat' dir='ltr'>non</span> <span class='ocrx_word' id='word_1_193' title='bbox 563 2343 637 2392; x_wconf 81' lang='lat' dir='ltr'>regno</span> <span class='ocrx_word' id='word_1_194' title='bbox 649 2331 761 2392; x_wconf 79' lang='lat' dir='ltr'>major&amp;</span> <span class='ocrx_word' id='word_1_195' title='bbox 775 2344 833 2382; x_wconf 68' lang='lat' dir='ltr'>tvo</span> 
     </span>
     <span class='ocr_line' id='line_1_28' title="bbox 208 2403 752 2459; baseline 0.006 -8"><span class='ocrx_word' id='word_1_196' title='bbox 208 2403 325 2459; x_wconf 83' lang='lat' dir='ltr'>Poscere.</span> <span class='ocrx_word' id='word_1_197' title='bbox 336 2421 386 2454; x_wconf 89' lang='lat' dir='ltr'>non</span> <span class='ocrx_word' id='word_1_198' title='bbox 400 2403 455 2452; x_wconf 82' lang='lat' dir='ltr'>alii:</span> <span class='ocrx_word' id='word_1_199' title='bbox 468 2403 513 2452; x_wconf 90' lang='lat' dir='ltr'>soli</span> <span class='ocrx_word' id='word_1_200' title='bbox 527 2404 660 2454; x_wconf 88' lang='lat' dir='ltr'>Telamone</span> <span class='ocrx_word' id='word_1_201' title='bbox 671 2419 752 2454; x_wconf 87' lang='lat' dir='ltr'>creato</span> 
     </span>
     <span class='ocr_line' id='line_1_29' title="bbox 160 2479 697 2548; baseline 0.007 -22"><span class='ocrx_word' id='word_1_202' title='bbox 160 2481 354 2548; x_wconf 52' lang='lat' dir='ltr'>canonicique,</span> <span class='ocrx_word' id='word_1_203' title='bbox 374 2483 420 2531; x_wconf 80' lang='lat' dir='ltr'>luit</span> <span class='ocrx_word' id='word_1_204' title='bbox 432 2495 501 2532; x_wconf 74' lang='lat' dir='ltr'>tante</span> <span class='ocrx_word' id='word_1_205' title='bbox 512 2481 601 2531; x_wconf 78' lang='lat' dir='ltr'>fiducia</span> <span class='ocrx_word' id='word_1_206' title='bbox 612 2479 697 2531; x_wconf 80' lang='lat' dir='ltr'>laudis.</span> 
     </span>
     <span class='ocr_line' id='line_1_30' title="bbox 208 2557 802 2625; baseline 0 -16"><span class='ocrx_word' id='word_1_207' title='bbox 208 2559 229 2609; x_wconf 79' lang='lat' dir='ltr'>A</span> <span class='ocrx_word' id='word_1_208' title='bbox 244 2561 266 2608; x_wconf 86' lang='lat' dir='ltr'>se</span> <span class='ocrx_word' id='word_1_209' title='bbox 277 2557 416 2609; x_wconf 78' lang='lat' dir='ltr'>Tantalides</span> <span class='ocrx_word' id='word_1_210' title='bbox 427 2575 487 2608; x_wconf 88' lang='lat' dir='ltr'>onus</span> <span class='ocrx_word' id='word_1_211' title='bbox 500 2557 665 2625; x_wconf 82' lang='lat' dir='ltr'>invidiamque</span> <span class='ocrx_word' id='word_1_212' title='bbox 677 2561 781 2609; x_wconf 84' lang='lat' dir='ltr'>removit</span> <span class='ocrx_word' id='word_1_213' title='bbox 791 2578 802 2620; x_wconf 49' lang='lat'>3¹</span> 
     </span>
     <span class='ocr_line' id='line_1_31' title="bbox 207 2634 1012 2710; baseline -0.002 -22"><span class='ocrx_word' id='word_1_214' title='bbox 207 2637 379 2703; x_wconf 73' lang='lat' dir='ltr'>Argolicosque</span> <span class='ocrx_word' id='word_1_215' title='bbox 395 2635 466 2686; x_wconf 86' lang='lat' dir='ltr'>duces</span> <span class='ocrx_word' id='word_1_216' title='bbox 476 2634 562 2686; x_wconf 87' lang='lat' dir='ltr'>mediis</span> <span class='ocrx_word' id='word_1_217' title='bbox 573 2635 695 2686; x_wconf 86' lang='lat' dir='ltr'>considere</span> <span class='ocrx_word' id='word_1_218' title='bbox 707 2637 789 2686; x_wconf 85' lang='lat' dir='ltr'>castris</span> <span class='ocrx_word' id='word_1_219' title='bbox 1011 2693 1012 2710; x_wconf 15' lang='grc' dir='ltr'><strong>χ</strong></span> 
     </span>
     <span class='ocr_line' id='line_1_32' title="bbox 207 2713 858 2779; baseline -0.009 -10"><span class='ocrx_word' id='word_1_220' title='bbox 207 2715 279 2769; x_wconf 70' lang='lat' dir='ltr'>Iussit</span> <span class='ocrx_word' id='word_1_221' title='bbox 288 2749 299 2779; x_wconf 81' lang='lat'>‚</span> <span class='ocrx_word' id='word_1_222' title='bbox 317 2719 342 2768; x_wconf 74' lang='lat' dir='ltr'>dt</span> <span class='ocrx_word' id='word_1_223' title='bbox 354 2715 478 2766; x_wconf 82' lang='lat' dir='ltr'>arbitrium</span> <span class='ocrx_word' id='word_1_224' title='bbox 495 2713 544 2763; x_wconf 84' lang='lat' dir='ltr'>licis</span> <span class='ocrx_word' id='word_1_225' title='bbox 556 2715 650 2779; x_wconf 82' lang='lat' dir='ltr'>trajecit</span> <span class='ocrx_word' id='word_1_226' title='bbox 661 2716 687 2763; x_wconf 88' lang='lat' dir='ltr'>iu</span> <span class='ocrx_word' id='word_1_227' title='bbox 700 2729 798 2765; x_wconf 81' lang='lat' dir='ltr'>omnes.</span> <span class='ocrx_word' id='word_1_228' title='bbox 855 2731 858 2738; x_wconf 89' lang='lat'>·</span> 
     </span>
     <span class='ocr_line' id='line_1_33' title="bbox 1009 3449 1011 3476; baseline 0 0"><span class='ocrx_word' id='word_1_229' title='bbox 1009 3449 1011 3476; x_wconf 92' lang='lat' dir='ltr'>l</span> 
     </span>
    </p>
   </div>
   <div class='ocr_carea' id='block_1_3' title="bbox 483 2899 652 2982">
    <p class='ocr_par' dir='ltr' id='par_1_3' title="bbox 483 2899 652 2982">
     <span class='ocr_line' id='line_1_34' title="bbox 483 2899 652 2982; baseline 0 0"><span class='ocrx_word' id='word_1_230' title='bbox 483 2899 652 2982; x_wconf 46' lang='lat' dir='ltr'>Quill</span> 
     </span>
    </p>
   </div>
   <div class='ocr_carea' id='block_1_4' title="bbox 0 0 1022 3714">
    <p class='ocr_par' dir='ltr' id='par_1_4' title="bbox 0 0 1022 3714">
     <span class='ocr_line' id='line_1_35' title="bbox 0 0 1022 3714; baseline 0 0"><span class='ocrx_word' id='word_1_231' title='bbox 0 0 1022 3714; x_wconf 95' lang='lat' dir='ltr'> </span> 
     </span>
    </p>
   </div>
  </div>
 </body>
</html>
