1980 3714
238 305 306 376 334
378 279 420 353 P.
447 283 602 352 Oxrnrr
621 283 827 350 Nxsnnrs

235 407 326 458 funera
339 403 554 457 ducebatmediam
565 405 699 468 lacrymosa
709 421 754 471 per
761 407 867 466 urbem,

233 485 369 552 Luridaque
379 486 459 536 arsuro
469 485 581 552 portabat
592 485 701 534 membra
713 484 816 533 feretro.

194 619 197 626 ,
231 565 303 616 Forte
319 569 364 616 viae
374 568 453 616 vicina
464 563 567 624 domin,
579 563 628 629 qul
643 561 731 611 llebilis
741 563 796 611 ibat

230 643 339 708 Pompa,
352 641 398 692 l'uit
414 639 543 709 :dureque
557 643 628 690 sonus
643 640 765 712 plangatis
776 638 810 689 ad
820 657 888 689 antes

179 721 303 778 xrovenie
314 725 471 781 Anaxaretes,
489 736 562 786 quam
573 723 623 788 jam
639 719 704 768 Deus
716 719 783 768 ultor
795 721 895 784 agebar.

227 799 299 849 Mota
317 815 414 860 tamen,
432 797 575 853 Videamus,
591 801 643 858 ait,
659 797 796 847 miserabile
811 798 884 848 funus
893 815 902 858 x

224 876 258 926 Et
274 877 361 943 patulis
376 881 430 930 iniit
447 879 535 926 retium
546 877 648 926 sublime
659 875 774 926 fenestris.

223 953 272 1005 vix
288 951 347 1005 bene
358 959 520 1022 compositum
531 955 592 1005 lesio
604 956 755 1022 prospexerat
766 955 857 1020 lphin,

222 1030 353 1100 Deriguere
364 1035 429 1084 oculi
442 1053 448 1082 r
461 1032 599 1100 calidusque
611 1052 624 1082 e
635 1049 735 1098 torpore
750 1033 848 1099 sanguis
859 1069 869 1095 ,

171 1109 322 1172 75tlndusto
341 1113 451 1180 pallore.
473 1113 544 1180 fugit.
561 1111 705 1178 Conataque
716 1111 783 1161 ποττὸ

220 1188 290 1242 Perre
309 1191 380 1260 pedes
392 1227 400 1254 ‚
413 1195 495 1242 haesit:
509 1206 595 1241 conata
605 1205 710 1242 avertere
720 1191 803 1239 vultus
815 1207 823 1250 ς

218 1265 274 1318 lios
284 1288 381 1338 quoque
394 1287 444 1320 non
454 1273 534 1336 potuit
546 1289 552 1318 z
565 1269 728 1336 paulatimque
739 1275 845 1334 occupat
857 1283 933 1330 arnse,

218 1347 292 1410 Quod
303 1350 349 1399 suit
359 1353 385 1400 in
395 1347 456 1399 duro
465 1352 516 1414 jam
525 1346 619 1414 pridem
630 1350 742 1412 patiore,
753 1349 849 1396 saxum.

217 1425 284 1478 Neve
296 1445 324 1478 ea
337 1427 391 1478 sina
403 1443 470 1493 putes
481 1462 489 1488 ,
501 1427 605 1477 domine
616 1428 658 1474 sub
670 1429 776 1492 imagine
786 1429 886 1492 signum

166 1506 297 1568 ytoServat
306 1503 384 1554 adhuc
392 1505 491 1554 Salamis
502 1505 615 1554 :Veneris
624 1521 700 1571 quoq3
709 1509 811 1555 nomine
821 1506 934 1572 templum

214 1583 380 1648 Prospicientis
391 1585 470 1633 habet.
482 1585 593 1646 Quorum
604 1600 715 1643 memor,
725 1582 756 1634 ut
773 1601 830 1634 mea
841 1621 850 1646 ,
861 1587 931 1635 lentos

213 1662 293 1721 Pone,
308 1679 407 1726 precor,
418 1661 508 1722 fastus,
527 1667 552 1712 bt
564 1665 654 1713 amanti
664 1665 782 1728 jungere,
794 1663 918 1730 Nymphe.

139 1801 141 1806 Α
212 1743 250 1790 Sir
262 1743 306 1790 tibi
315 1757 359 1790 nec
372 1757 473 1790 vernum
485 1743 605 1792 nascentia
616 1740 690 1806 frigus
699 1739 786 1790 adurat

211 1821 304 1880 Poma,
316 1837 359 1870 nec
374 1823 495 1870 excutiant
505 1818 581 1886 rapidi
591 1819 703 1868 florentia
715 1822 793 1869 venti.

162 1903 206 1958 765
243 1899 299 1948 Haec
312 1899 351 1974 ubi
360 1933 368 1958 ‚
377 1901 536 1964 nequicquam
547 1898 636 1948 formas
646 1898 711 1946 Deus
722 1899 823 1962 aptusin
835 1915 928 1960 omues,
984 1915 986 1972 4

208 1974 313 2037 Edidie;
333 1980 358 2026 in
375 1981 486 2042 juvenem
500 1974 589 2036 rediit,
608 1980 634 2026 δι
649 1977 720 2026 anilia
731 1975 812 2027 demit

208 2054 366 2106 Instrumenta
377 2058 436 2106 sibi:
449 2056 549 2122 talisque
561 2059 671 2121 apparuit
681 2056 736 2116 illi,

208 2133 291 2194 Qualis
305 2121 345 2184 ubi
359 2137 479 2200 oppositas
490 2131 633 2183 nitidissima
643 2135 703 2184 solis
717 2137 801 2201 imago

205 2210 284 2262 Evicit
298 2213 391 2268 nubes,
406 2209 520 2277 nullique
531 2211 637 2260 obstante
650 2247 657 2272 ,
672 2213 766 2262 reluxit.

156 2289 310 2356 770Vimque
319 2303 385 2354 parat
398 2306 406 2348 3
419 2285 460 2338 sed
475 2291 499 2337 vi
514 2305 563 2338 non
576 2289 608 2337 est
621 2306 698 2354 opus:
712 2294 786 2358 inque
800 2291 879 2359 figura
979 2277 980 2330 l

204 2366 282 2432 Capta
304 2368 350 2416 Dei
366 2367 480 2432 Nymphe
495 2366 541 2416 est:
553 2371 576 2416 bt
588 2383 672 2416 mutua
681 2369 780 2417 vulnera
792 2374 876 2422 sentit.

236 2448 359 2501 Proximus
378 2450 492 2498 Ausonias
508 2448 587 2514 injusti
605 2449 674 2498 miles
689 2449 772 2498 Amuli

200 2525 272 2574 Rexit
287 2542 364 2592 opes:
381 2525 544 2593 Numitorque
560 2527 643 2586 senex,
666 2525 905 2595 amiffa‚'nepot=rm

200 2603 316 2672 Munere,
328 2620 400 2670 regna
414 2607 492 2669 capit:
504 2605 614 2672 festisque
628 2605 740 2656 Palilibus
750 2607 826 2656 Urbis

149 2680 292 2742 775Moenia
305 2679 450 2736 conduntur.
461 2681 592 2748 Tatiusque
603 2698 725 2750 patresque
737 2685 818 2734 Sabini

198 2759 264 2809 Bella
282 2773 368 2824 gerunt
381 2776 386 2808 :
399 2761 506 2826 arcisque
518 2759 576 2821 vil,
594 2761 709 2826 Tarpeia,
728 2763 841 2826 reclusi,

197 2836 278 2906 Digni
295 2840 400 2888 munem
411 2837 483 2902 punxi
495 2839 611 2902 congestis
630 2841 693 2888 exuit
704 2844 785 2890 armis.

196 2913 254 2965 Inde
266 2917 309 2963 sati
325 2917 419 2964 cutibus
432 2951 439 2976 ,
457 2918 588 2965 tacitorum
600 2933 667 2967 more
680 2919 812 2984 luporum,

195 2993 243 3041 Ore
259 3006 370 3057 premunt
388 3009 476 3054 voces;
494 2995 518 3046 δι
530 3009 635 3061 corpora
646 2998 707 3049 viiia
717 2997 803 3063 sopore
