2056 3706
232 251 274 295 10
313 225 357 296 Ρ.
387 225 850 296 OviorrNAsours

228 350 261 399 Et
275 349 341 400 Deus
350 349 457 400 humani
466 348 539 398 lustro
550 349 592 398 sub
601 352 706 414 imagine
718 363 799 398 terras.

229 429 312 495 longa
324 445 393 480 mora
408 429 456 488 est,
468 444 584 495 quantum
596 445 664 477 noxae
675 430 704 476 sit
716 429 803 493 ubique
813 439 932 491 repertum
1025 429 1026 436 ’

181 507 374 560 ²¹5Enumerare
383 526 389 556 ι
398 511 478 556 minor
490 507 536 556 suit
547 509 596 571 ipsa
606 506 707 555 infamia
717 521 784 554 vero.

229 585 334 636 Maenala
345 589 483 635 transieram
493 619 501 646 ,
514 585 610 634 latebris
620 581 739 634 horrenda
749 583 870 641 serarum,
957 621 964 628 .
1021 577 1023 586 ’

228 662 261 713 Et
275 680 330 713 curn
342 663 448 728 Cylleno
464 661 538 729 gelidi
552 667 632 728 pineta
642 662 723 725 Lycii.

229 740 336 792 Arcados
356 744 412 791 hinc
425 739 489 791 sedes
502 745 527 791 δι
540 743 660 806 inhospita
675 743 735 789 tesia
747 739 843 800 tyranni

228 819 370 886 ingredior,
385 823 504 870 traherent
516 819 571 869 clun
582 821 631 868 sera
642 816 778 883 crepuscula
787 817 895 865 nostem..

181 900 301 964 ttoSigna
315 896 371 948 dedi
382 895 470 947 venisse
488 897 568 946 Deum
578 915 586 956 3
596 897 729 962 vulgusque
743 897 834 960 precari

230 975 353 1041 Coepernt.
366 973 450 1024 lrridet
462 974 541 1040 primo
553 979 591 1040 pia
600 989 658 1024 vota
668 975 781 1037 Lycaon:

227 1053 289 1103 Mox
307 1056 358 1112 air,
374 1053 500 1117 Experiar,
516 1053 581 1102 Deus
593 1056 641 1108 hit,
663 1051 800 1102 discrimine
813 1063 913 1116 aperto,

227 1131 265 1179 An
282 1134 312 1180 sit
324 1132 447 1180 mortalis:
457 1147 500 1180 nec
511 1135 556 1181 erit
563 1129 696 1181 dubitabile
706 1145 798 1181 verunt.

228 1207 304 1257 Nosie
314 1225 411 1274 gravem
426 1211 511 1260 somno
521 1227 563 1260 nec
576 1209 648 1275 opini
659 1207 756 1276 perdere
769 1223 849 1258 morte

179 1285 271 1352 tan5llle
282 1302 350 1352 parat
361 1290 426 1336 :haec
437 1289 473 1336 illi
484 1288 563 1352 placet
573 1292 716 1354 experientia
726 1290 785 1337 veri.

228 1363 281 1414 Nec
295 1379 421 1414 contentus
432 1382 478 1426 eo,
490 1369 555 1414 missi
564 1365 593 1414 de
604 1381 674 1430 genre
685 1364 795 1415 Moloni

228 1443 325 1494 obsidis
339 1443 408 1493 unius
422 1444 532 1510 iugulum
550 1459 665 1493 mucrone
676 1442 794 1494 ¹resolvit:

225 1523 305 1588 Atque
322 1524 356 1571 ita
371 1524 498 1570 semineces
510 1525 597 1586 partim
609 1522 754 1571 serventibus
765 1535 828 1570 artus

227 1599 313 1650 Mollis
327 1603 411 1666 aquis,
425 1603 512 1666 partim
529 1603 633 1660 sublesio
648 1603 736 1651 torruit
754 1604 813 1665 igni.

179 1676 294 1740 23oQuos
308 1678 379 1728 simul
396 1680 512 1744 imposuit
528 1683 632 1740 mensis,
651 1695 696 1744 ego
707 1679 802 1730 vindice
813 1676 914 1728 flammi

228 1754 257 1803 ln
273 1753 374 1805 domino
385 1753 471 1821 dignos
482 1759 555 1807 everti
567 1761 626 1806 tesia
636 1759 743 1807 Penates.

227 1832 334 1882 Territus
349 1833 391 1884 ille
403 1835 482 1899 fngit;
498 1838 625 1901 nasiusque
635 1835 728 1886 silentia
739 1837 799 1884 ruris

227 1910 357 1971 Exorans,
372 1911 503 1980 frustraque
519 1913 587 1980 loqui
598 1929 712 1964 conatur:
722 1915 751 1962 ab
761 1914 813 1978 ipso
827 1940 829 1944 ·

227 1987 333 2056 Colligit
347 2006 374 2040 os
390 1993 498 2051 rabiem,
510 1992 631 2056 solitaque
643 1990 755 2056 cupidine
769 1990 840 2041 caedis

179 2067 335 2126 ²35Vertitur
345 2071 371 2115 in
382 2066 496 2132 pecudes:
506 2071 530 2116 δε
539 2084 602 2116 nunc
612 2084 709 2135 quoque
721 2070 834 2134 sanguiue
846 2071 946 2138 gaudet.

226 2145 254 2192 ln
265 2144 337 2194 villos
353 2144 441 2194 abeunt
454 2147 547 2206 vestes,
563 2149 588 2195 in
602 2163 669 2196 crura
683 2146 774 2196 lacerti,

226 2219 265 2269 Fit
283 2220 372 2285 lupus,
391 2223 415 2270 δι
434 2227 518 2272 veteris
530 2226 606 2274 servat
617 2225 714 2290 vestigia
733 2225 826 2277 formae.

226 2297 335 2348 Canities
348 2298 432 2349 eadem
453 2301 501 2360 est,
520 2300 603 2351 eadem
616 2303 733 2353 violentia
747 2305 833 2354 vultu:

225 2375 294 2427 Idem
314 2379 380 2428 oculi
394 2378 582 2430 lucentetadem
598 2381 698 2432 feritatis
708 2385 799 2448 imago.

178 2561 224 2608 240
258 2549 356 2602 Occidit
370 2567 416 2602 una
427 2551 529 2604 domus:
540 2551 637 2604 sednon
648 2545 734 2606 domus
745 2573 791 2606 una
800 2557 877 2624 perire

224 2628 305 2696 Digna
321 2630 368 2681 fuit
380 2651 386 2680 ι
398 2631 446 2698 qui
458 2648 518 2682 terra
529 2648 608 2698 patet,
623 2633 673 2682 sera
686 2650 768 2699 regnat
783 2633 898 2698 Erinnys.

224 2705 253 2754 ln
272 2707 362 2757 facinus
377 2707 462 2775 jurasse
474 2726 541 2776 putes
553 2731 558 2759 r
572 2709 629 2761 dent
639 2715 706 2762 ocius
719 2730 801 2762 omnes
814 2749 822 2770 ‚

223 2782 288 2842 Quas
302 2803 407 2838 meruere
421 2791 488 2854 pati,
500 2792 532 2839 sic
550 2789 593 2838 siat
608 2791 741 2850 sententia,
758 2808 848 2856 poenas.

222 2859 293 2911 Diua
306 2864 371 2914 lovis
386 2883 438 2930 pars
449 2885 508 2918 voce
519 2869 636 2934 probant,
652 2867 807 2938 stimulosque
819 2869 912 2922 furenti

174 2938 362 3007 245Adjitiunt:
375 2944 416 2994 alii
426 2961 503 3010 partes
513 2943 641 2997 assensibus
650 2946 761 3012 implent.
