1980 3714
80 251 514 319 Mnrnuonrnosnort
527 246 682 316 LXIII.
708 251 781 346 287

60 369 173 424 Lumina
184 389 190 421 t
204 370 214 438 )
227 373 280 436 quis
293 387 383 436 magno
393 369 478 420 melitis
489 367 600 420 succedat
611 369 699 422 Achilli
710 405 719 431 ‚

57 447 148 508 Qudm
166 466 291 517 perquem
302 466 401 517 magnus
413 450 505 506 Danais
515 451 627 502 successit
637 449 740 500 Achilles
751 453 761 500 i

56 527 127 576 Huic
138 527 215 578 modis
227 545 256 578 ne
266 532 351 594 prosit,
363 527 440 597 quod,
454 543 480 579 ut
490 529 533 587 esi,
545 529 616 576 hebes
625 523 671 578 esse
681 526 831 593 videtur.t35

56 607 131 656 Neve
149 609 210 656 mihi
223 622 325 666 noceat,
338 605 406 674 quod
416 608 485 657 vobis
496 608 604 672 semper,
618 605 720 666 Achivi,

55 685 161 734 Profuit
169 687 307 750 ingenium:
317 686 477 753 mesquelltaec
490 681 620 744 facundia,
631 685 650 732 si
665 699 712 752 qna
724 683 756 732 est
767 717 776 742 ,

55 760 124 822 Quae
135 777 201 814 nunc
212 777 254 826 pro
266 759 384 813 domino,
403 775 447 824 pro
456 760 525 810 vobis
537 761 596 824 saepe
608 758 690 808 locuta
702 757 754 818 est,

54 837 159 890 invidi&
177 853 272 892 careat:
285 841 349 888 bona
360 855 404 888 nec
415 839 455 886 sun
467 841 567 905 quisque
579 839 680 886 recuset.
767 869 769 874 -

55 917 129 968 Nam
145 933 238 982 genus,
254 921 279 966 δι
291 933 410 982 proavos,
425 920 450 966 &
462 933 514 986 que
526 933 575 966 non
587 916 688 966 fecimus
703 917 767 984 ipsi,
789 937 834 981 ¹40

55 995 112 1044 Vix
132 1011 160 1044 ea
170 995 249 1049 nostra
259 1013 332 1046 voco.
344 993 465 1050 Sedenim
476 998 550 1062 ,quie
559 995 641 1046 retulit
651 997 711 1062 Ajas
818 1053 821 1058 ἱ

56 1069 119 1122 Effe
129 1071 195 1122 lovis
205 1089 323 1138 pronepos
335 1101 344 1133 5
355 1074 428 1125 nostri
439 1091 535 1145 quoque
546 1076 665 1140 sanguinis
676 1076 756 1127 ansior
817 1069 820 1074 ’

57 1152 237 1218 Juppitet'estt
255 1150 406 1219 totidemque
415 1151 502 1222 gradus
513 1151 626 1202 distamus
642 1153 671 1202 ab
682 1152 737 1202 illo,

57 1230 130 1282 Nam
143 1233 203 1279 mihi
218 1231 313 1285 La'e'rtes
323 1247 389 1295 patet
401 1232 447 1290 est,
460 1233 567 1280 Arcesius
583 1231 639 1290 illi,

57 1309 173 1374 luppiter
183 1311 296 1374 ltuictneq
306 1326 313 1368 3
325 1313 351 1357 in
359 1311 395 1357 his
405 1311 531 1374 quisquam
539 1307 664 1358 damnatus
676 1312 699 1358 δι
712 1307 784 1359 exsul.
793 1328 833 1375 ¹45

57 1387 105 1436 Est
120 1403 217 1452 quoque
232 1401 273 1451 pet
285 1401 388 1440 matrem
397 1387 523 1450 Cyllenius
535 1385 617 1440 addita
628 1389 697 1440 nobis

57 1467 148 1516 Altera
157 1465 270 1517 nobilitas
280 1485 286 1514 ι
295 1465 360 1514 Deus
373 1466 441 1516 estin
453 1481 555 1532 utroque
567 1481 672 1530 parente.

59 1542 112 1594 Sed
132 1559 210 1609 neque
221 1559 330 1597 materno
341 1542 407 1610 quod
418 1545 472 1594 sum
483 1548 620 1608 generosior
631 1559 704 1604 ortu,
776 1533 778 1540 ’

58 1619 118 1672 Nec
133 1623 195 1670 mihi
207 1655 215 1681 ‚
229 1620 296 1688 quod
303 1636 369 1686 pater
377 1622 410 1670 est
420 1621 518 1673 fraterni
527 1624 646 1687 sanguinis
658 1625 753 1684 insons,

58 1702 193 1764 Proposita
207 1715 273 1754 arma
284 1713 340 1763 peto
352 1717 358 1748 t
372 1701 462 1751 meritis
480 1697 605 1764 expendite
617 1703 720 1750 causam.
792 1713 836 1756 150

58 1775 211 1830 Dummodo
222 1775 290 1843 quod
300 1776 384 1832 fratres
399 1773 520 1830 Telamon
531 1775 661 1842 Peleusque
672 1778 768 1829 suerunt
779 1812 787 1832 ,

60 1860 146 1924 Ajscis
157 1858 270 1904 meritum
286 1871 336 1904 non
352 1857 383 1902 sit
393 1872 399 1901 s
411 1869 456 1914 nec
467 1855 586 1918 sanguinis
596 1851 675 1914 ordo,
817 1845 822 1854 ’

61 1933 113 1986 Sed
123 1923 218 1986 sitrutis
227 1937 305 1984 honos
315 1931 396 1998 spoliis
408 1947 526 1997 quaeratur
536 1935 562 1980 in
574 1931 630 1980 iilis.

61 2013 116 2064 Aut
132 2015 151 2068 si
163 2015 302 2078 proximitas
314 2045 322 2071 ‚
339 2013 479 2076 primusque
490 2012 619 2077 requiritur
630 2011 716 2071 heres5
811 2073 812 2076 Ἴ

61 2092 107 2142 Est
125 2094 220 2156 genitor
237 2089 379 2144 Peleus,est
389 2090 491 2150 Pyrrhus
502 2086 566 2136 filius
578 2087 626 2137 illi.
793 2093 834 2140 ¹55
876 2076 887 2090 '

62 2170 127 2230 Quis
143 2169 210 2218 locus
229 2170 310 2232 Aiaci?
323 2169 436 2218 Phthiam
448 2167 569 2229 Scyronve
581 2165 697 2218 ferantur.

63 2249 121 2299 Nec
135 2247 215 2298 minus
225 2247 258 2296 eli
272 2247 317 2296 isto
329 2246 427 2294 Teucer:
433 2245 546 2310 patruelis
558 2245 656 2295 Achilli.

63 2326 137 2377 Num
150 2327 210 2392 petit
223 2323 265 2373 ille
277 2327 374 2380 tamen?
386 2338 444 2372 num
458 2324 552 2386 sperat,
567 2337 594 2372 ut
607 2323 699 2374 auferat
709 2325 789 2374 arma?

64 2404 134 2468 Ergo
150 2417 251 2467 operum
265 2403 380 2468 quoniam
390 2397 482 2448 nudum
494 2415 615 2448 certamen
623 2400 740 2460 habetur-5

64 2483 141 2533 Plura
155 2478 254 2547 quidem
266 2479 328 2538 feci,
341 2478 416 2544 quint
427 2493 480 2543 quse
492 2475 662 2543 comprendere
672 2477 740 2528 distis
774 2507 775 2512 =
793 2478 839 2518 150

64 2562 97 2612 In
107 2575 206 2626 promtu
226 2559 287 2608 milri
298 2560 328 2606 sit
341 2575 346 2604 :
359 2570 530 2609 cerumtamen
541 2553 625 2606 ordine
638 2554 721 2607 ducar.

102 2640 203 2688 Prae‘scia
217 2639 312 2688 venturi
327 2637 428 2700 genitrix
446 2634 534 2684 Nectit
551 2635 595 2684 leti
666 2681 669 2686 ,
753 2683 754 2686 ,
808 2631 810 2636 '

66 2717 215 2770 Dissimulet
225 2715 293 2766 cultu
303 2729 386 2764 natum
396 2732 402 2763 ε
416 2711 540 2777 deceperat
551 2727 634 2762 omnes
644 2744 654 2772 ‚

66 2799 98 2847 ln
119 2797 206 2863 quibus
224 2794 335 2859 Ajacem,
348 2793 432 2850 ¹[utute
444 2789 627 2838 fallaciaveslis.

67 2877 147 2926 Arma
159 2889 204 2938 ego
215 2872 323 2930 femineis
335 2905 343 2924 ,
360 2871 468 2921 animum
476 2864 693 2928 procurantium,
795 2871 837 2924 165

69 2951 195 3006 Mercibus
205 2952 306 3008 insert&
318 2960 396 3018 neque
409 2943 487 3024 pdhut
496 2948 628 3025 projeceras
638 2945 708 2996 heros
742 2953 747 2963 “
