1980 3714
134 267 709 344 nizrnnomnomonm.
737 295 802 360 347

79 391 168 453 Quem
181 396 327 460 quicumque
341 394 426 460 partlm
439 393 565 444 moderato
576 407 671 460 gutture
682 398 769 451 traxit,
807 414 853 460 55⁰

80 468 161 520 Haud
172 472 240 522 aliter
250 474 356 533 titubat,
374 470 448 538 quim
461 475 481 521 si
492 487 557 522 mera
572 475 628 523 vina
638 471 743 524 bibisset.

79 545 126 594 Est
145 545 213 594 locut
230 543 351 605 Arcadiae,
368 546 480 596 Pheneon
494 543 575 594 dixere
586 548 694 610 priores,

79 624 212 688 Ambiguis
229 625 345 689 suspeuus
356 626 423 690 aquis
434 639 509 690 equas
520 625 588 673 notie
598 626 700 682 tinem

80 701 164 752 Nosie
182 717 270 752 nocent
281 718 344 767 pore
357 721 363 751 r
375 704 424 754 aine
435 719 498 752 nora
509 702 564 754 luce
574 703 697 753 bibuntur.

80 780 124 827 Sic
143 779 202 830 aliae
212 779 318 847 aliasque
329 781 393 832 latus
405 785 429 832 δι
442 779 543 832 flumina
550 783 611 831 vires
809 797 851 845 335

82 852 245 919 Concipiunt.
262 855 416 922 Temputque
428 855 491 917 fuit,
510 874 558 923 quo
568 859 635 906 navit
648 858 674 905 in
687 853 772 916 undis,

82 930 160 980 Nunc
176 929 255 991 sedet,
267 931 377 997 Ortygie.
391 933 485 984 Timuit
497 935 652 984 concursibus
662 931 728 1000 Argo

82 1007 214 1058 Undarum
235 1011 322 1075 sparsae
340 1010 510 1077 Symplegadas
529 1011 659 1071 elisarumt

82 1085 148 1148 Quae
165 1104 229 1138 nunc
239 1091 347 1140 immota
357 1090 480 1155 perstant.
498 1094 622 1158 ventisque
638 1090 755 1141 resistunt.

122 1165 174 1215 Nec
185 1201 195 1228 ,
212 1183 264 1233 qua
274 1167 384 1218 sulfureie
394 1167 461 1220 ardet
472 1171 608 1222 fornacibus
619 1205 627 1230 ‚
642 1169 716 1223 AEtne
809 1183 856 1232 34⁰

81 1243 159 1309 Ignea
175 1246 265 1310 semper
277 1250 337 1296 erit:
346 1263 423 1314 neque
434 1251 498 1298 enirn
509 1249 637 1314 suitignea
646 1249 748 1313 semper.

81 1321 153 1373 Nam
174 1325 223 1372 eive
238 1324 271 1373 esi
281 1324 370 1374 animal
381 1325 452 1376 tellus
462 1361 471 1386 ‚
483 1331 508 1376 bt
518 1329 597 1386 vivit,
612 1326 731 1392 habetque

81 1402 236 1465 spiramenta
248 1435 256 1462 ,
269 1400 329 1452 locis
336 1401 461 1452 ilamrnarn
472 1402 608 1452 exhalantia
618 1401 718 1464 multirt

82 1477 198 1544 spirandi
216 1493 310 1530 mutare
320 1482 385 1539 viae,
397 1483 539 1547 quotiesque
549 1495 661 1532 movetur
671 1513 681 1542 ,

83 1557 136 1613 Har
148 1556 216 1607 finire
228 1553 323 1624 potest,
340 1557 394 1608 illae
410 1562 500 1624 aperire
515 1575 635 1610 caventes.
810 1579 852 1626 345

83 1638 141 1686 Sive
159 1636 224 1686 levet
241 1638 296 1686 imis
309 1639 375 1687 venti
391 1639 534 1688 cohibentur
552 1640 578 1688 in
592 1639 680 1695 antrir3

83 1719 193 1782 Saxaque
206 1715 350 1774 cuiusuis,
362 1719 388 1766 bt
405 1717 534 1768 habentem
544 1718 635 1766 sernina
645 1716 749 1768 flammat

84 1794 216 1844 Materiem
225 1795 313 1858 iaciant
324 1809 332 1851 3
353 1809 381 1842 ea
396 1797 504 1858 concipit
515 1796 599 1844 iiiibur
608 1793 708 1859 ignem

86 1873 166 1922 Antra
179 1870 344 1937 relinquentur
358 1868 444 1920 sedatis
455 1870 543 1936 frigida
554 1875 642 1922 ventis.

85 1951 144 2001 Sive
161 1951 299 2000 bituminea
316 1953 413 2016 rapiunt
430 1947 541 2000 incendia
557 1953 635 2010 vires,
811 1964 856 2010 350

84 2029 193 2080 luteave
214 2031 305 2093 exiguis
323 2029 431 2078 arescunt
446 2027 536 2078 sulfura
551 2026 645 2086 sumia3
943 2020 945 2024 ’

85 2105 184 2172 Nempe
199 2107 242 2156 ubi
253 2121 315 2156 terra
326 2106 393 2156 cibor
404 2105 566 2172 alimentaque
579 2105 676 2170 pinguia
686 2100 792 2154 flamma

85 2184 147 2236 Non
162 2182 230 2236 dabit
236 2219 246 2246 ,
268 2186 382 2238 absumus
395 2183 548 2249 perlongum
559 2185 735 2236 viribueevum
747 2216 756 2236 0

86 2262 234 2328 Natureque
248 2263 318 2312 suum
334 2263 456 2314 nutrimen
467 2260 544 2315 deerit
556 2260 623 2312 edaci
635 2279 643 2322 ς

86 2340 148 2393 Non
159 2339 219 2394 feret
229 2340 272 2394 illa
282 2339 388 2401 samem,
400 2339 539 2408 desertaque
550 2339 642 2392 deseret
652 2343 727 2406 ignee.
811 2359 853 2402 355

121 2414 176 2468 Esse
192 2419 257 2469 viror
266 2419 331 2470 sama
342 2419 375 2470 esi
386 2423 412 2469 in
426 2419 581 2486 Hyperborea
591 2418 688 2470 Pallene
700 2453 709 2481 ,

87 2497 139 2560 Qui
150 2497 242 2548 soleant
259 2497 351 2548 levibus
358 2497 433 2548 velari
442 2513 545 2562 corpora
553 2496 642 2563 plumis
653 2530 663 2557 ,

88 2575 159 2628 Gtim
169 2577 334 2626 Tritoniacam
342 2578 426 2627 notice
436 2577 527 2626 subiere
537 2574 660 2642 paludem.

87 2650 162 2703 Haud
175 2650 288 2720 equidem
298 2649 381 2702 eredo.
393 2652 481 2717 Sparsa
490 2667 587 2718 quoque
597 2651 707 2700 membra
715 2665 808 2701 veneno

89 2729 206 2781 Exercere
221 2743 283 2782 artee
297 2727 424 2794 Scythides
433 2745 599 2780 memorantur
610 2727 717 2780 easdem.
814 2733 860 2790 ςέο

90 2810 117 2858 si
131 2824 179 2874 qua
188 2806 252 2858 sidet
263 2807 333 2858 rebue
344 2823 426 2858 tamen
434 2808 468 2858 est
476 2804 587 2858 addenda
596 2808 703 2872 probatis
713 2823 721 2857 t

89 2885 182 2937 Nonne
196 2884 284 2945 ridet,
300 2899 458 2952 quecumque
474 2885 544 2938 moti
558 2883 664 2936 fluidove
674 2884 754 2936 calore

90 2961 205 3030 Corpora
223 2965 402 3026 tabuerint,·in
413 2979 490 3030 patra
497 2964 699 3024 animaliarertii
752 3021 756 3028 ,

644 3043 662 3091 P
677 3045 703 3108 vl
