2036 3714
156 283 584 356 MrrAnonruos'con
599 287 638 356 L.
654 289 717 356 IX.
745 308 815 374 207

126 403 186 458 Haec
203 409 244 458 ubi
258 407 362 460 faticano
378 414 473 460 venturi
486 413 582 476 prescia
598 409 659 460 dixit
747 457 753 466 ,

95 478 146 528 Ore
167 482 285 543 Themis,
300 489 367 534 vario
381 488 463 551 Superi
474 488 582 538 sermone
594 486 727 536 fremebant
740 505 747 536 t

90 555 124 605 Ee
136 591 145 616 ‚
168 575 210 608 cut
221 577 272 612 non
282 561 334 612 aliis
345 561 429 612 eadem
439 562 496 614 dare
508 563 572 614 dona
584 565 682 624 liceret,

90 635 207 688 Murmur
224 656 283 690 erat.
302 641 415 702 Quetitur
428 657 519 694 veteres
530 643 659 694 Pallantias
674 659 748 693 annot
813 650 863 696 4²0

90 715 214 783 Coniugis
231 717 278 776 effe
294 723 349 771 suia
366 724 473 788 queritur
483 723 604 772 canescere
616 725 682 772 mitit

88 791 185 844 Iasiona
199 795 271 847 Ceres
283 817 289 846 r
302 803 432 864 repetitum
446 799 565 848 Mulciber
576 817 657 850 aevum

89 870 174 922 Poscit
184 874 351 926 Erichthonio.
364 868 482 926 Venerem
493 893 590 942 qnoque
601 893 657 928 eura
668 877 748 928 sorori

91 949 205 1016 Tangit,
223 956 248 1002 bt
265 955 373 1004 Anchisa:
383 971 497 1006 renovare
510 956 636 1021 paciscitur
651 973 735 1007 annos.

90 1028 142 1080 Cui
166 1030 278 1092 studeat,
297 1032 362 1082 Deus
376 1039 455 1084 omnic
468 1036 558 1085 habet:
570 1037 701 1102 crescitque
713 1035 795 1086 serore
812 1032 857 1082 425

90 1105 200 1157 Turbida
217 1107 320 1166 seditior
332 1107 409 1160 donec
426 1112 466 1160 sua
480 1111 587 1176 iuppiter
604 1127 647 1160 ora

90 1185 170 1236 Solvit
184 1206 190 1237 a
202 1191 245 1247 δε,
268 1189 302 1238 O!
323 1190 396 1240 nostri
407 1193 426 1244 ti
437 1191 526 1256 quaest
538 1193 686 1246 reverentia,
705 1187 783 1250 dixit,

90 1263 148 1324 Qud
167 1269 250 1316 ruitis?
267 1281 392 1318 tantumne
405 1270 449 1318 sibi
459 1273 512 1333 quit
523 1267 589 1337 posse
599 1267 711 1327 viderur,
807 1311 809 1320 t

87 1341 148 1392 Fata
167 1361 263 1410 quoque
274 1360 300 1395 ut
311 1347 404 1410 superet
414 1349 422 1395 i
434 1347 496 1396 Facis
508 1347 587 1396 lolius
598 1349 623 1396 in
635 1361 728 1416 annosa

88 1419 158 1480 Quos
172 1425 236 1486 egit,
250 1421 334 1474 rediit:
344 1423 399 1474 fatis
409 1427 548 1475 revirescere
564 1423 652 1475 debent
727 1459 734 1492 ·.
807 1415 858 1463 43⁰

88 1497 217 1550 Callirhoe
229 1504 325 1568 geniti,
341 1517 392 1552 non
409 1503 555 1564 ambitione,
573 1519 616 1552 nec
628 1503 709 1552 armis.
776 1500 778 1504 ’

87 1575 140 1626 Vos
158 1581 250 1634 etiam,
267 1578 364 1646 qudque
373 1582 421 1630 hoc
439 1583 521 1630 animo
538 1580 637 1630 meliore
650 1578 749 1637 seratis,

87 1655 132 1705 Me
142 1673 256 1723 quoque,
274 1657 323 1708 sata
334 1672 420 1722 regunt
434 1676 439 1706 ι
456 1675 516 1724 quae
527 1661 547 1706 ei
558 1673 650 1707 mutare
661 1656 782 1717 valerem,

85 1732 140 1782 Nec
158 1734 266 1784 nostrum
278 1737 322 1783 seri
338 1749 462 1784 curvarent
479 1735 571 1784 AEacon
591 1739 664 1793 annia

85 1809 279 1877 Perpetuumque
298 1814 343 1862 aevi
359 1810 445 1860 florem
461 1809 656 1862 Rhadamanthus
667 1813 765 1862 habetet
806 1823 853 1871 435

84 1889 154 1940 Cum
173 1890 258 1939 Mino'e'
269 1895 324 1940 me'o
335 1908 342 1945 t
354 1893 396 1956 qui
407 1903 504 1954 propter
517 1905 596 1938 amara
607 1890 702 1937 seneciae
747 1908 750 1918 ·

83 1967 199 2018 Poudera
214 1967 357 2034 despicitur,
372 1984 434 2028 nec,
450 1965 499 2034 qud
509 1966 573 2032 pride
584 2001 593 2024 ,
606 1964 689 2015 otdim
697 1980 788 2030 regnat.

117 2047 191 2096 Diua
206 2049 271 2098 Jovit
288 2046 384 2098 morire
400 2046 466 2096 Deos
478 2064 484 2096 a
495 2061 539 2094 nee
548 2044 644 2094 sustinet
653 2043 736 2103 ullus,

82 2125 154 2176 Cum
171 2124 268 2176 videant
283 2125 355 2176 sesl'os
366 2123 568 2176 Rhadamanthon
579 2127 604 2172 δι
614 2123 707 2172 AEacon
718 2126 784 2172 annis
795 2157 803 2182 ,

82 2205 117 2254 Et
127 2205 215 2255 Minoa
226 2241 235 2266 ,
248 2209 325 2272 queri.
339 2206 407 2266 Qui,
420 2203 479 2255 dum
494 2204 541 2254 suit
553 2207 645 2268 integer
658 2203 721 2261 evi,
804 2209 855 2252 440

81 2283 216 2334 Terruerat
236 2299 350 2349 magnas,
364 2285 417 2348 ipso
427 2300 523 2350 quoque
540 2285 656 2340 nomine,
671 2295 769 2346 gentest

81 2361 157 2410 Tunc
173 2377 223 2411 erar
241 2359 360 2417 invalidus
372 2381 377 2410 ε
389 2359 574 2426 Deionidenque
588 2364 693 2425 juventae¹
728 2375 731 2382 ¹

78 2441 182 2490 Robore
196 2441 329 2496 Miletum,
348 2441 487 2506 Phoeboque
503 2453 599 2504 parente
614 2436 756 2502 superbum,

80 2520 214 2569 Pertimuit
225 2538 231 2568 t
245 2518 389 2585 credensque
400 2521 446 2568 suis
457 2519 577 2584 insurgere
587 2519 680 2582 regnis,

80 2596 157 2648 Haud
171 2612 253 2647 tamen
264 2598 296 2646 est
309 2600 388 2662 patriis
399 2613 477 2646 arcere
490 2596 614 2662 penatibus
627 2595 705 2644 ausus.
803 2593 850 2637 445

80 2679 175 2740 Sponte
192 2675 277 2741 sugit,
294 2676 395 2735 Misere,
412 2675 454 2725 tui
468 2674 603 2739 :celerique
622 2670 702 2722 carini

80 2753 177 2818 AEgaeas
193 2757 288 2804 metitis*
296 2770 381 2820 aquata
397 2757 421 2804 δι
432 2756 458 2803 in
469 2750 540 2804 Aside
551 2751 614 2801 terri

80 2831 182 2881 Moenia
197 2832 339 2891 constituis,
358 2833 474 2896 positoris⁴
480 2832 591 2881 habentia
601 2845 699 2880 nomen.

81 2909 132 2958 liic
156 2911 219 2968 tihi,
237 2907 295 2960 dum
307 2912 412 2975 sequitur
425 2912 507 2976 patrie
520 2910 656 2958 curvamina
666 2912 740 2974 ripe,

80 2987 145 3040 filia
159 2985 296 3044 Maeandri.
317 2991 388 3057 toties
405 2986 525 3039 redeuntis
540 2984 626 3038 eodem
633 3019 644 3069 ,
801 2999 851 3048 45⁰
