2078 3708
141 263 570 356 Msrrnorrnorrou
582 254 620 324 L.
643 253 727 324 VII.
753 257 816 336 163
905 221 907 226 ⁵

95 381 216 444 Orithyia
234 397 302 438 tues,
320 393 392 444 taptae
407 379 474 427 sotor
490 377 618 438 Orithyi'ae.
821 383 865 431 ⁶95

95 461 122 507 Si
142 459 231 508 faciem
249 474 375 523 moresque
388 455 447 506 velis
460 457 568 506 conferte
582 452 697 512 duarum,

95 535 206 601 Dignior
216 538 266 601 ipsa
276 538 335 600 rapi.
348 537 416 584 Pater
427 535 488 587 hanc
499 535 560 582 mihi
571 534 649 597 junxit
660 531 817 580 Erechtheus:

94 613 169 662 Hanc
180 617 240 662 mihi
252 616 330 679 junxit
341 613 426 662 Amor.
440 611 507 660 felix
517 609 614 660 dicebar
625 644 634 669 ,
645 625 755 674 eramque
768 627 775 656 t

95 689 158 740 Non
166 694 200 741 ita
213 690 259 740 Dis
268 693 344 741 visum
357 690 389 740 est
400 709 407 739 c
420 703 444 739 at
452 705 515 738 nuuc
523 705 621 754 quoque
632 682 817 736 foteitmreffem.

94 767 167 817 Alter
179 770 292 834 agebatur
300 769 354 834 post
363 767 522 833 sacrajugolia
529 769 628 821 mensis,
820 771 868 816 700

95 845 167 896 Crine
180 863 237 907 me,
250 848 380 911 cornigeris
393 843 530 896 tendentem
538 848 597 894 retia
608 846 682 895 cervis
689 878 699 906 ‚

96 925 197 974 Vertice
207 923 237 974 de
255 926 350 974 summo
361 926 452 990 semper
461 921 568 972 florentis
579 923 689 986 Hymetti

95 1001 177 1051 Lutea
192 1018 262 1052 mane
271 1001 339 1052 videt
348 1001 420 1066 pulsis
429 1003 520 1050 Aurora
531 1002 632 1050 tenebris
642 1018 650 1050 r

96 1079 254 1145 Invitumque
266 1083 336 1145 rapit.
352 1079 434 1128 Liceat
444 1081 505 1128 mihi
516 1096 570 1128 veta
578 1078 665 1130 referre

96 1155 161 1204 Pace
172 1156 239 1206 Dec.
249 1155 324 1218 Quod
333 1160 364 1206 ait
374 1159 442 1206 roseo
454 1157 584 1222 spedabilis
594 1175 652 1214 ore,
817 1173 864 1218 705

96 1233 174 1295 Quod
190 1250 269 1284 tenear
279 1235 338 1284 lucis
350 1269 368 1315 ,N
376 1250 455 1284 teneat
465 1233 569 1284 confinia
579 1237 674 1296 nouis,

95 1313 220 1362 Nestareis
231 1311 298 1379 quod
306 1313 383 1362 alatur
394 1316 460 1380 aquis
472 1328 534 1377 ,ego
545 1313 644 1362 Procrin
655 1315 774 1366 amabam.

95 1391 197 1440 Peliore
215 1393 307 1440 Procris
326 1406 394 1452 erat,
409 1392 501 1441 Procris
513 1393 574 1442 mihi
592 1394 684 1457 semper
698 1397 723 1444 in
734 1412 783 1444 ote.

96 1469 170 1518 Sacra
185 1473 248 1529 tori,
266 1474 390 1534 coitusque
407 1467 501 1530 unios,
515 1471 680 1536 thalamosque
693 1487 814 1532 recentes,

96 1547 226 1612 Primaque
239 1545 325 1596 deserti
335 1546 465 1596 referebam
476 1547 567 1598 foedcra
578 1548 632 1598 lecti
644 1567 651 1598 ε
816 1559 866 1602 7¹⁰

96 1625 172 1674 Mota
181 1625 232 1674 Dea
244 1625 277 1676 est
288 1643 294 1673 e
306 1629 348 1684 dc,
364 1625 420 1674 Sille
431 1640 482 1674 tuas
494 1661 501 1685 ,
520 1630 625 1692 ingrate,
638 1629 745 1694 querelas
758 1647 766 1688 ;

95 1703 198 1752 Procrin
208 1704 288 1762 habe,
307 1701 376 1753 dixit.
389 1703 462 1765 Quod
471 1708 490 1754 si
499 1721 554 1754 mea
563 1704 663 1770 provida
674 1723 741 1757 mens
752 1707 800 1768 est,

93 1779 158 1831 Non
172 1779 277 1831 habuiffe
288 1781 354 1832 voles
365 1799 467 1848 emeque
475 1783 512 1832 illi
522 1787 582 1834 irata
593 1788 693 1836 remisit.

92 1859 165 1908 Dum
176 1858 263 1920 redeo,
275 1877 417 1926 mecumque
428 1861 486 1912 Deae
493 1877 626 1914 memorata
633 1866 751 1925 terracin

92 1934 152 1987 Ell'e
170 1954 246 1987 metus
256 1942 347 2004 coepit,
360 1955 391 1988 ne
402 1942 453 2003 jura
461 1938 549 2004 jugalia
560 1944 648 2003 coniux
817 1955 862 1999 7¹5

94 2017 157 2067 Non
167 2019 226 2066 bene
236 2013 355 2066 servasset.
374 2018 502 2084 faciesque
513 2033 620 2084 aetasque
627 2019 741 2083 jubebant

94 2094 203 2146 Credere
214 2093 359 2146 adulterium
372 2115 378 2145 e
389 2097 548 2161 prohibebant
559 2095 654 2147 eredere
665 2113 753 2146 motet.

95 2172 144 2224 Sed
156 2189 236 2224 tamen
246 2171 368 2224 abfueram
380 2192 386 2222 e
396 2173 438 2224 fed
448 2177 472 2225 δι
484 2178 607 2231 berceram
620 2174 682 2226 uude
694 2174 815 2234 redibam,

95 2252 215 2304 Criminis
232 2251 368 2317 exemplum
380 2269 386 2300 e
398 2250 439 2302 sed
449 2255 532 2304 cundia
543 2257 655 2304 timemus
667 2270 781 2304 amantes.

95 2331 224 2392 Quaerere,
245 2347 294 2396 quo
305 2329 418 2390 doleam,
428 2330 528 2390 studeo,
540 2329 657 2398 donisque
668 2331 780 2397 pudicam
815 2353 863 2395 για

95 2409 223 2460 Solicitare
236 2407 319 2458 fidem.
335 2409 407 2460 Favet
421 2412 476 2460 huic
495 2413 587 2460 Aurora
605 2413 703 2470 timoris

96 2487 264 2552 lmmutatque
275 2503 371 2546 meam,
388 2485 472 2538 videor
482 2485 576 2538 sensisse
586 2523 594 2548 ,
614 2488 723 2554 figuram.

95 2564 217 2616 Palladias
228 2569 303 2624 ineo,
321 2582 370 2614 non
386 2566 565 2632 cognoscendus
578 2601 586 2628 ,
603 2569 724 2628 Athenas,

96 2641 272 2708 ingrediorque
292 2641 402 2692 domum.
418 2643 499 2710 culpi
510 2644 597 2696 domus
609 2649 658 2712 ipsa
670 2647 781 2706 carebat,

96 2721 217 2786 Castaque
236 2724 303 2786 signa
317 2720 401 2772 dabat:
413 2721 562 2790 dominoque
573 2740 624 2776 etat
633 2727 702 2774 anxia
712 2741 790 2792 rapto.
817 2749 862 2797 7²5

95 2797 147 2848 vix
166 2797 233 2847 aditu
252 2817 293 2864 per
311 2800 377 2849 mille
392 2799 463 2850 dolos
473 2801 504 2852 acl
515 2801 659 2852 Erechthida
671 2803 751 2863 fabios

95 2876 134 2926 Ut
148 2876 213 2933 vidi,
226 2878 336 2941 obstupui
348 2896 356 2938 ς
368 2877 530 2947 meditataque
541 2897 607 2945 pane
616 2881 702 2947 reliqui

96 2954 262 3014 Testamenta
280 2953 329 3010 lide
342 2975 350 3012 r
361 2956 423 3010 mali
437 2975 494 3017 tue.
509 2961 569 3029 quio
579 2975 634 3012 uera
650 2959 755 3026 faterer,
