2036 3714
117 248 546 322 MrrAraorrrrorsou
570 251 608 320 L.
633 255 677 321 X.
709 275 773 344 225
818 225 821 232 ¹

52 369 136 420 Prone
151 385 221 430 erata
241 369 304 421 unde
322 375 394 422 etiam
412 389 501 422 nomen
517 389 607 424 traxere
625 373 736 428 ceraue.
821 395 827 422 ι

51 453 122 500 Ante
141 449 205 499 fores
222 453 309 500 horum
326 451 400 500 stabat
411 453 475 501 iovis
490 451 597 517 Hospitis
606 470 646 502 ara
657 447 671 511 ,¹
770 500 773 509 s

52 527 180 592 Lugubris
195 529 305 580 sceleris:
318 547 389 595 quarn
406 534 489 597 siquis
506 533 618 596 sanguiue
634 533 731 582 tinsirm
781 549 825 596 ²²5

52 604 162 655 Advena
179 605 289 667 vidisset,
309 611 423 658 mastatot
435 609 542 658 crederet
557 609 608 658 illic

52 685 183 733 lasientea
197 687 304 744 vitulos,
318 689 524 738 Amathusiacasve
535 685 658 736 bidentes:

53 763 155 826 Hospes
170 780 219 812 erar
232 765 313 812 caesus.
331 767 407 813 Sacris
421 764 512 816 offensa
522 763 651 824 nefandis,

53 839 113 903 Ipsa
132 843 184 889 suas
198 843 286 900 urbes,
307 843 469 908 Ophiusiaque
480 861 534 893 arva
545 846 643 909 parabat

53 916 176 966 Deserere
186 919 249 968 alma
257 921 347 968 Venus
359 919 404 970 Sed
414 921 472 988 quid
483 923 535 972 loca
546 937 628 986 grata,
641 919 700 986 quid
712 938 738 970 ur
740 921 830 974 berno

53 997 192 1046 Peccauere
210 1005 284 1049 meae²
298 997 365 1064 quod
379 1003 484 1058 crimen,
496 998 572 1060 dixit,
585 999 690 1048 inillis
682 1003 691 1033 ²

51 1074 155 1124 Exsilio
165 1091 262 1139 poenam
277 1080 355 1141 potius
367 1093 423 1142 gens
436 1081 509 1143 impia
522 1075 625 1142 pendat,

54 1153 108 1202 Vel
119 1169 193 1210 necea
206 1154 243 1203 vel
255 1157 273 1202 si
284 1154 342 1219 quid
353 1153 460 1204 medium
472 1159 602 1221 mortisque
614 1156 732 1220 fugaeque.
820 1213 823 1220 Ι

54 1231 138 1298 quue
148 1229 208 1298 quid
226 1229 271 1281 elle
288 1233 365 1298 potest
378 1268 385 1292 ,
398 1237 442 1282 nisi
454 1235 606 1301 versae'poena
618 1223 715 1296 figurari

12 1345 14 1348 -
54 1310 129 1359 Dum
148 1308 259 1371 dubitat,
277 1327 417 1376 quomutet
428 1309 528 1368 eosaad
539 1327 628 1360 cornua
643 1312 737 1360 vultum
783 1313 825 1360 ²35

55 1388 156 1437 Flexit:
169 1391 193 1438 δι
211 1387 336 1438 admonita
347 1390 379 1438 est
394 1392 443 1451 haec
456 1390 504 1438 illis
516 1385 582 1454 posse
594 1389 695 1456 relinqui
708 1409 715 1438 a

57 1465 218 1534 Grandiaque
230 1471 256 1516 in
266 1485 347 1520 torvos
359 1468 513 1518 transformat
526 1469 637 1516 membra
644 1471 769 1533 juvencus.

91 1629 156 1678 Sunt
167 1644 247 1678 tamen
263 1626 371 1678 obscena
381 1629 498 1678 Venerem
509 1613 730 1694 Propoetides-ausae

57 1703 116 1756 Effe
126 1723 214 1771 negare
227 1707 317 1756 Deam:
327 1723 371 1772 pro
382 1724 436 1772 quo*
445 1708 485 1758 sua
496 1741 504 1766 ‚
521 1709 625 1756 numinis
636 1705 688 1765 iri,

59 1783 243 1850 Corporacum
254 1783 334 1833 sormi
350 1787 431 1849 primae
441 1781 547 1848 vulgasse
558 1783 679 1832 seruntur,
785 1781 831 1826 ²40

60 1861 147 1926 thue
157 1859 235 1926 pudor
249 1865 335 1920 cessit,
353 1865 493 1926 sanguisque
508 1859 693 1920 induruitloris,

59 1940 91 1989 ln
105 1937 214 2005 rigidum
224 1956 297 2005 parvo
308 1939 402 1989 silicem
413 1936 550 1988 discrimine
566 1938 652 1988 versat-v

95 2100 165 2162 Quas
177 2103 236 2166 quia
250 2097 393 2167 Pygmalion
401 2115 478 2150 aevum
489 2114 531 2166 per
541 2100 631 2148 crimen
641 2110 737 2162 agentes

59 2177 182 2240 Viderat,
202 2177 280 2229 osleni
280 2195 306 2227 us
316 2180 402 2238 vitiis,
421 2194 473 2243 quae
489 2176 590 2242 plurima
607 2163 701 2224 menti

60 2259 183 2307 Femineae
201 2257 293 2305 Natura
303 2253 388 2313 dedu
399 2271 448 2304 sine
459 2269 559 2318 conjuge
570 2252 655 2302 caelebs
785 2242 828 2292 ²45

61 2335 184 2384 Vivebat:
196 2333 342 2398 thalamique
350 2329 391 2382 diu
399 2333 511 2382 consorte
519 2333 623 2381 carebat.

62 2413 159 2462 Interea
171 2416 274 2461 niveum:
288 2408 351 2460 mirri¹
367 2409 468 2460 feliciter
488 2424 543 2459 arte
627 2441 629 2445 ·
651 2449 654 2460 ,

62 2489 158 2554 sculpit
177 2490 253 2546 ebura
274 2487 425 2554 formamque
439 2485 506 2537 dedit
516 2522 528 2547 ‚,
537 2485 586 2554 qui
598 2486 688 2536 femina
701 2485 771 2534 nasci·
830 2475 833 2482 ¹

62 2565 142 2617 Nilia
152 2567 228 2632 potest
239 2584 245 2613 ε
258 2569 382 2631 operisque
393 2568 427 2614 sui
436 2567 549 2630 concepit
557 2582 673 2620 amorem.

63 2646 173 2709 Virginis
186 2644 221 2693 est
233 2660 295 2693 vetae
305 2644 394 2699 facies,
413 2660 490 2710 quam,
500 2643 580 2694 vivere
591 2641 672 2692 credas
683 2661 689 2690 ι

63 2723 114 2778 Et,
129 2726 210 2772 sinon
221 2721 439 2771 obstetreverenria
451 2755 460 2782 ,
470 2721 532 2771 velle
544 2723 645 2769 moveri.

64 2804 110 2851 Ars
121 2799 183 2850 adeo
199 2799 258 2849 latet
268 2797 393 2849 arte-susi.
402 2799 522 2857 Miratur,
541 2799 658 2847 &haurit

65 2881 164 2930 Pesiote
177 2877 322 2942 Pygmalion
332 2875 437 2926 simulati
451 2878 557 2939 corporis
572 2878 653 2940 ignes,

64 2959 136 3024 Saepe
144 2973 229 3008 manus
246 2957 319 3022 operi
333 2969 456 3006 tentantes
468 2950 604 3014 admovet‚.
617 2969 650 3006 an
659 2955 697 3002 tir:
727 2953 730 2958 ’

618 3031 638 3079 li
658 3045 679 3082 w
