2056 3706
173 252 600 319 Marnnorenosaon
623 239 661 306 L.
679 237 729 305 ΙΙ.
771 260 815 321 29

97 371 138 420 Fit
155 374 249 432 timor,
268 375 291 420 ὃ(
301 368 386 436 pavidi
399 365 503 432 trepidat
514 361 644 413 formidine
655 363 742 426 pestus·

98 449 196 498 Ultima
207 465 280 515 prona
290 453 327 500 via
339 448 371 497 est
382 483 390 507 ,
407 451 431 496 bc
447 459 500 515 eget
511 440 675 491 moderamine
686 453 760 487 certo.

99 525 170 576 Tunc
187 533 275 587 etiam,
292 543 343 593 quae
354 543 393 574 me
409 525 517 588 subjectis
529 522 617 584 excipit
633 515 719 576 undis,

99 603 137 652 Ne
154 605 215 654 ferar
231 609 257 654 in
273 621 394 670 praeceps,
411 603 503 664 Tethys
514 599 575 647 solet
589 598 638 662 ipsa
647 598 731 645 vereri.

96 682 183 744 Adde,
197 682 265 750 quod
276 681 370 732 assidui
381 684 473 746 rapitur
485 679 603 742 vertigine
614 674 704 724 coelum
717 690 725 731 3
834 683 866 727 70

95 761 225 828 Sideraque
241 763 289 812 alta
304 763 393 821 trahit,
409 759 528 822 celerique
545 753 668 805 volumine
679 765 783 815 torquet.

94 839 167 889 Nitor
188 844 214 889 in
233 839 359 890 adversum
369 856 376 897 3
392 854 436 886 nec
447 853 501 896 me,
520 837 561 900 qui
572 847 649 882 cetera
659 867 667 890 ‚
677 832 754 882 vincit

93 917 201 982 Impetus
211 937 216 966 :
225 915 343 983 &rapido
355 918 487 983 contrarius
499 916 585 962 evehor
596 912 657 960 orbi.

94 995 169 1060 Finge
183 995 252 1046 datos
267 1012 347 1045 crurus
358 1013 364 1043 :
374 991 433 1060 quid
449 996 519 1058 agas?
541 993 659 1056 poterisne
676 988 759 1037 rotatis

95 1073 189 1122 Obvius
207 1078 241 1122 ire
260 1074 340 1138 polis,
354 1089 384 1120 ne
396 1088 418 1120 te
429 1075 490 1120 citus
501 1069 592 1118 auferat
608 1071 673 1116 axis?
836 1077 864 1121 75

96 1150 208 1198 Forsitan
222 1155 248 1198 ὃ(
262 1151 331 1198 lucos
345 1149 415 1206 illic,
429 1149 543 1212 urbesque
556 1145 666 1194 Deorum

98 1226 233 1290 Concipias
248 1229 346 1282 anirn03
361 1223 505 1290 delubraque
517 1221 576 1272 ditia
587 1221 655 1272 donis

100 1301 155 1351 Effe
167 1322 173 1352 ε
185 1321 227 1369 per
242 1302 338 1352 insidias
356 1307 402 1352 iter
416 1303 468 1361 est,
482 1302 618 1366 formasque
634 1301 746 1350 ferarum

98 1380 181 1446 thue
196 1385 259 1432 viam
277 1397 373 1441 teneas,
391 1381 508 1446 nulloque
526 1397 603 1429 errore
616 1382 730 1439 traharis3

94 1460 139 1507 Per
155 1475 235 1509 tamen
250 1459 341 1510 adversi
359 1457 472 1524 gradieris
488 1475 576 1508 cornua
587 1459 681 1518 Tauri,
832 1449 863 1498 80

92 1535 280 1604 Haemoniosque
295 1553 376 1596 arcus,
391 1537 539 1603 violentique
550 1555 592 1586 ora
606 1538 712 1595 Leonis,

91 1616 204 1681 Saevaque
221 1621 322 1666 circuitu
334 1631 472 1664 curvantem
484 1618 579 1664 brachia
590 1617 664 1680 longo
682 1629 688 1634 “

90 1693 229 1757 Scorpion,
241 1709 312 1759 atque
324 1694 392 1742 aliter
404 1711 542 1744 curvantem
557 1696 654 1743 brachia
668 1693 801 1744 Cancrum.

89 1769 145 1820 Nec
168 1773 213 1820 tibi
230 1771 392 1836 quadrupedes
408 1775 527 1822 animosos
541 1761 635 1840 ignibus
646 1771 714 1832 illie,

90 1849 162 1910 Quos
180 1852 207 1897 in
219 1851 313 1914 pediore
328 1852 417 1899 habent
429 1885 436 1909 ,
448 1867 508 1914 quos
519 1869 560 1899 ore
571 1856 595 1900 bc
612 1852 707 1900 naribus
718 1850 812 1910 efflant,
833 1847 858 1908 85

89 1925 118 1974 ln
128 1941 248 1991 promptu
260 1941 342 1992 regere
352 1927 385 1975 est
397 1945 403 1974 ι
415 1929 455 1977 vix
472 1943 511 1974 rne
522 1930 657 1991 patiuntur,
669 1942 696 1976 ut
706 1943 769 1976 acret

87 2001 214 2052 Incaluere
230 2007 305 2052 animi
318 2022 326 2063 3
343 2007 470 2070 cervixque
481 2019 597 2069 repugnat
611 2006 718 2054 habenis.

86 2083 120 2132 At
132 2098 179 2142 tu,
197 2081 283 2132 funesti
292 2099 322 2132 ne
338 2085 384 2141 ¹sim
398 2085 441 2132 tibi
454 2086 559 2132 muneris
570 2085 664 2142 auctor,

87 2159 172 2220 Nate,
192 2177 249 2210 cave
260 2179 266 2208 ι
277 2155 337 2210 dur'n
349 2177 432 2227 resque
443 2165 516 2222 sinit,
531 2177 570 2210 tua
585 2164 676 2227 corrige
685 2177 752 2214 vota.

86 2239 189 2288 Scilicet
203 2273 211 2298 ‚
226 2253 253 2287 ut
267 2239 348 2287 nostro
361 2233 467 2303 genitum
480 2253 502 2288 te
517 2241 629 2305 sanguine
641 2240 742 2302 credas,
828 2255 860 2296 90

84 2317 197 2382 Pignora
212 2330 276 2364 certa
289 2319 367 2380 petis:
385 2315 417 2366 do
428 2321 528 2382 pignora
539 2335 602 2368 certa
616 2317 743 2378 timendo3

85 2397 119 2445 Et
142 2397 225 2460 patrio
234 2409 300 2459 pater
310 2391 356 2444 elle
367 2409 432 2444 metu
447 2398 536 2460 probor
547 2415 553 2445 t
570 2399 645 2462 aspice
655 2396 736 2447 vultus

85 2473 151 2522 Ecce
164 2488 231 2520 meos
244 2489 250 2520 a
263 2475 403 2538 utinamque
414 2472 497 2522 oculos
507 2477 532 2522 in
545 2477 639 2539 pestora
649 2473 727 2540 pollet

84 2553 214 2610 Inserere,
230 2553 255 2599 δι
271 2553 358 2615 patrias
376 2553 439 2600 intus
450 2549 593 2616 deprendere
606 2553 692 2602 curas!

84 2629 218 2694 Denique,
230 2625 346 2694 quicquid
353 2627 510 2684 habetdives,
518 2633 683 2698 circumspice,
694 2629 809 2688 mundun
828 2648 855 2694 95

84 2708 154 2774 Eque
178 2721 217 2756 tot
231 2721 258 2756 ac
270 2708 341 2755 tantis
356 2707 427 2767 toli,
440 2717 574 2774 terreque,
591 2713 711 2774 marisque

85 2786 162 2834 Posce
177 2785 247 2834 bonis
264 2781 356 2849 aliquid
369 2802 375 2832 t
387 2783 478 2834 nullam
494 2789 581 2850 patiere
591 2785 718 2850 repulsam.

85 2861 214 2926 Deprecor
226 2863 274 2910 hoc
292 2877 368 2910 unum
381 2860 466 2928 ,quod
476 2880 533 2911 vero
543 2867 641 2912 nomine
651 2879 737 2929 poena,

86 2940 149 3000 Nou
156 2941 237 2990 honor
243 2939 536 3006 ·est=poeuaru,PhaEton,
547 2957 591 3008 pro
598 2957 710 2997 munere,
723 2940 810 3002 poscit.

666 3017 685 3066 Β
696 3017 723 3078 iij
