2036 3714
111 250 537 324 Mernrronrrrosroru
553 255 591 324 L.
611 258 675 325 IX.
702 277 767 348 215

68 369 159 424 Cornua
167 409 187 443 t.
194 390 249 424 cum
263 375 331 439 spicis
341 373 420 424 nitido
432 373 575 426 flaventibus
585 393 660 438 auro,

68 451 95 500 Er
105 453 177 516 regale
188 450 258 502 decus
269 471 275 500 r
285 469 340 502 cum
350 453 398 520 quai
411 453 511 503 latrator
524 455 614 506 Anubis
625 489 635 510 ‚

68 531 187 596 Sanctaque
200 530 319 592 Bubastis,
333 535 458 598 variusque
470 533 592 583 coloribus
603 535 674 600 Apisa
776 546 823 595 590

68 608 154 674 Quique
164 612 341 674 premitvocem
352 645 360 670 ‚
373 608 497 677 digitoque
509 611 603 662 silentia
611 611 707 672 suadet3

67 687 173 752 Sillraque
188 700 255 736 erant
265 721 272 746 ‚
284 703 465 754 numquamque
475 691 530 739 satis
547 692 657 756 quaesitus
669 691 756 750 Osiris,

68 763 177 830 Plenaque
187 764 312 814 somniferi
323 767 416 830 serpens
430 771 552 832 peregrina
562 771 656 818 veneni.

68 841 141 902 cum,
156 843 221 893 velut
232 841 353 892 excussam
359 846 463 906 somno,
474 845 629 897 &manifesta
641 845 776 907 videntem,

68 921 101 968 Sic
112 918 179 970 affata
193 921 245 970 Dea
263 922 304 970 est.
316 923 370 972 Pars
382 959 390 984 ,
403 923 436 972 u!
450 924 599 984 Telethusa,
615 943 741 988 mearum,
778 947 822 995 ⁶95

69 998 126 1048 Pone
136 1001 214 1065 g'raves
229 1017 296 1050 curas
310 1018 317 1060 3
329 1001 488 1070 mandataque
501 1003 559 1054 ialle
573 1007 663 1054 mariti.

70 1077 115 1126 Nee
124 1077 209 1130 -dubita
221 1115 228 1140 ‚
241 1079 298 1130 etim
311 1096 333 1130 te
342 1096 411 1146 partu
421 1083 510 1133 Lucina
518 1082 622 1142 levarit,
719 1111 723 1114 ·

70 1157 157 1208 Tollere
167 1157 287 1226 quidquid
295 1162 348 1208 erit.
361 1160 413 1210 Dea
424 1162 475 1208 sum
487 1161 620 1220 auxiliaris,
636 1175 754 1226 opemque

70 1234 162 1286 Exorata
172 1237 222 1287 fero
232 1257 238 1287 ε
248 1255 294 1287 nec
306 1252 329 1286 te
341 1235 439 1286 coluisse
450 1238 553 1304 queriria

70 1311 183 1379 Ingratum
192 1332 293 1366 numen.
303 1317 402 1365 Monuit
414 1351 422 1375 ‚
442 1316 597 1382 thalamoque
608 1319 713 1365 recessit.
780 1329 827 1372 700

70 1391 129 1441 Laeta
145 1396 214 1444 thoro
225 1397 316 1460 surgit,
327 1411 444 1461 purasque
455 1393 486 1444 ad
497 1393 573 1445 sidera
583 1395 682 1460 supplex

72 1469 146 1524 Crell'a
161 1491 243 1524 marrus
256 1474 362 1534 tollent,
374 1488 431 1523 vrata
442 1477 490 1524 sint
500 1475 541 1522 sua
551 1475 618 1533 visa,
636 1489 752 1539 precatur.

71 1549 102 1600 Ut
111 1549 177 1602 dolor
186 1556 307 1616 increvit,
320 1554 389 1618 seque
401 1554 477 1618 ipsum
488 1551 582 1618 pondus
596 1555 622 1602 in
632 1568 698 1602 aurae

71 1626 178 1693 Expulit,
195 1635 219 1680 δι
230 1647 289 1681 nata
299 1630 332 1680 est
341 1633 424 1695 ignaro
437 1631 527 1680 semina
536 1634 613 1695 patri3

70 1705 275 1765 lussiralirnater,
288 1725 387 1774 puerum
397 1712 513 1767 mentirer
529 1696 651 1776 fidemque
782 1733 827 1778 705

72 1786 112 1834 Res
122 1789 202 1838 habuit
213 1809 219 1838 ι
231 1803 311 1854 neque
325 1801 375 1837 erat
386 1789 440 1836 faur
456 1790 501 1836 nisi
512 1789 608 1836 conscia
618 1788 707 1836 nutrix.

73 1863 132 1914 Vota
141 1882 204 1931 pater
214 1867 306 1926 solvit,
319 1879 455 1930 nomenque
464 1867 569 1928 imponit
577 1867 683 1920 avitum:

72 1940 129 2007 lphis
146 1961 201 1998 avus
215 1946 304 1995 suerat.
320 1944 406 1994 Gavisa
416 1943 449 1990 est
458 1945 557 1990 nornine
569 1956 660 2000 mater,

73 2019 141 2080 Quod
154 2039 285 2076 corrunune
296 2021 360 2072 foret
368 2021 380 2077 ,''
388 2037 431 2070 nec
439 2035 587 2087 quemquam
596 2018 690 2068 falleret
699 2017 751 2068 illo.

72 2095 212 2167 impercepta
223 2101 266 2168 pra
277 2099 402 2150 mendacia
413 2097 496 2148 fraude
507 2099 622 2148 latebant.

74 2175 156 2228 Cultus
173 2195 223 2230 erat
233 2183 316 2246 pueri:
329 2178 416 2239 facies,
429 2193 502 2244 quant
512 2180 562 2228 sive
574 2175 660 2242 puelle
667 2207 676 2238 ,

75 2254 123 2305 Sive
141 2255 207 2308 dares
222 2275 315 2325 puero,
331 2255 399 2306 fieret
410 2255 529 2306 formosus
545 2271 654 2322 uterque.
721 2257 723 2264 '

104 2335 196 2388 Tertius
209 2333 412 2388 intereavdecimo
423 2332 562 2384 succell'erat
573 2349 664 2393 armus,

76 2409 136 2464 Clun
153 2431 238 2481 pater,
261 2417 328 2480 Iphi,
345 2417 389 2464 tibi
398 2413 486 2466 flavam
498 2411 630 2479 despondet
641 2412 759 2472 lanthen3

73 2489 133 2541 inter
142 2492 283 2544 Phaestiadas
293 2510 345 2560 quae
361 2490 523 2542 laudatissima
537 2492 621 2542 forma
789 2514 833 2562 715

76 2568 137 2620 Dore
152 2572 199 2626 luit
208 2575 296 2638 virgo,
313 2571 405 2621 Dislaeo
415 2586 471 2620 nara
482 2570 582 2621 Teleste.

76 2647 117 2697 Par
132 2665 186 2699 aetas
198 2686 207 2712 ‚
226 2667 270 2716 par
286 2649 364 2699 forma
375 2649 421 2698 fuir
430 2667 436 2697 a
444 2653 577 2715 primasque
588 2649 704 2714 magistris

76 2725 190 2793 Accepere
209 2745 270 2778 artes
283 2763 291 2789 ,
308 2728 426 2780 elementa
436 2732 512 2778 aetatis
522 2763 530 2788 ,
542 2729 571 2776 ab
579 2726 665 2778 isdem·
805 2787 808 2790 Ι

77 2803 137 2854 Hine
147 2823 217 2856 amor
228 2809 351 2858 ambarum
363 2811 442 2872 tetigit
452 2803 510 2856 rude
525 2807 617 2869 petius,
630 2810 655 2854 δε
665 2807 759 2872 aequum

76 2882 168 2936 Vulnus
184 2890 279 2952 utrique
287 2883 407 2936 tulitrsecl
417 2900 466 2934 erat
476 2881 564 2934 fiducia
574 2882 659 2948 dispar.
791 2899 845 2944 72⁰·

77 2961 194 3032 Coniugii
210 2967 329 3032 pastaeque
340 2965 456 3032 exspetiat
466 2977 574 3030 tempora
582 2960 663 3024 taedae,

915 2905 920 2933 l
