2056 3706
190 196 616 265 Maranoarrrosnou
639 191 677 263 L.
703 195 733 264 I.
768 218 809 284 23

96 311 225 386 Cornibus
237 351 244 376 ,
260 321 285 366 &
296 319 368 366 nivea
381 315 486 382 pendens
496 321 588 366 cervice
599 319 718 382 juvencae,

96 392 142 442 Me
154 395 285 461 miserum!
301 398 448 460 ingeminate
460 410 517 444 tune
526 412 550 444 es
562 397 660 460 quaesita
666 411 707 462 per
717 411 800 444 omnes

99 471 182 531 Nata,
198 475 256 521 mihi
267 477 355 523 tetras?
368 489 394 523 tu
409 490 460 522 non
471 477 568 523 inventa
578 464 670 539 reperti

102 549 187 598 Lusius
201 567 249 600 eras
261 551 346 601 levior.
366 553 459 601 Retices
471 571 477 600 e
489 569 533 601 nec
544 566 629 600 mutua
640 550 724 600 nostris
818 557 833 594 6
837 561 863 608 ῖς

101 627 171 676 Diua
183 628 270 677 refers:
283 629 334 678 alto
347 629 440 679 tannim
452 631 549 694 suspiria
559 626 640 694 prodis

100 705 195 756 Pesiore
205 726 211 756 s
223 705 336 774 quodque
347 724 422 756 unum
432 724 512 774 potes,
524 706 555 756 ad
564 723 618 756 mea
625 705 697 756 verba
706 707 817 770 remugis.

33 827 38 836 .
100 785 132 834 At
140 785 185 834 tibi
198 801 242 850 ego
253 789 347 850 ignarus
362 787 481 836 thalamos
494 783 613 851 taedasque
623 784 752 850 parabam:

100 864 204 928 Spesque
220 863 266 913 fuit
281 867 361 928 generi
377 867 438 913 mihi
450 865 542 929 prima,
562 860 663 912 secunda
677 875 802 926 nepotum.

100 941 139 990 De
150 957 220 1007 grege
231 959 294 990 nunc
302 943 347 990 tibi
354 945 408 1002 vir,
421 959 485 992 nunc
492 939 521 990 de
529 957 599 1006 grege
609 954 678 990 natus
686 933 870 988 habendus⁶⁶⁰

102 1019 155 1068 Nec
174 1018 241 1068 finire
252 1020 309 1070 licet
325 1035 404 1070 tantos
416 1023 476 1070 mihi
490 1035 567 1068 morte
579 1017 688 1076 dolores;

104 1095 152 1146 Sed
160 1113 236 1159 ¹nocet
250 1095 297 1146 effe
307 1098 388 1146 Deum
404 1098 581 1162 :ptaeclusaque
599 1101 669 1161 ianua
679 1095 722 1144 leti

107 1173 235 1224 AEteruum
248 1175 340 1222 nostros
352 1174 428 1222 lusius
446 1171 552 1221 extendit
568 1177 593 1220 in
609 1187 695 1221 aevum.

109 1251 182 1299 Talia
198 1253 310 1300 moerenti
325 1249 429 1298 stellatus
447 1250 571 1298 submovet
582 1249 671 1312 Argus,

111 1329 270 1394 Ereptamque
283 1331 345 1392 patri
363 1326 454 1377 diversa
464 1328 490 1375 in
503 1327 588 1392 pascua
599 1339 679 1374 natam
827 1315 870 1370 ⁶⁶5

109 1407 228 1456 Abstrabit
238 1423 244 1452 :
256 1407 304 1469 ipse
313 1404 397 1470 procul
409 1407 498 1454 montis
508 1403 608 1452 sublime
619 1417 734 1474 cacumen

107 1484 233 1550 Occupat,
252 1481 315 1532 unde
331 1481 413 1533 sedens
423 1498 500 1549 partes
511 1482 645 1550 speculetur
654 1484 781 1532 inomnes.

138 1655 190 1706 Nec
201 1655 318 1722 Supertim
327 1659 403 1706 testor
418 1656 482 1706 mala
494 1671 560 1706 tanta
569 1653 721 1706 Phoronidos
737 1651 801 1702 ultra

105 1735 177 1784 ferre
195 1735 284 1798 potest:
293 1750 426 1800 natumque
436 1748 509 1784 vocat
518 1768 527 1794 ,
535 1751 608 1800 quem
619 1732 698 1782 lucida
710 1746 779 1796 partu

106 1813 187 1861 Pleias
203 1813 272 1860 enixa
284 1811 316 1858 ell
327 1830 334 1858 :
346 1811 443 1876 letoque
453 1809 494 1860 det
504 1845 512 1870 ,
524 1813 626 1876 imperat
636 1843 645 1870 ,
655 1810 755 1874 Argum.
831 1816 879 1866 670

107 1890 186 1940 Parva
201 1885 332 1945 montell,
345 1887 393 1936 alas
406 1885 521 1951 pedibus,
531 1891 670 1952 virgamque
679 1888 774 1952 potenti

108 1964 272 2016 Somniseram
289 1961 398 2014 sumsisse
406 1979 499 2020 manu,
512 1965 662 2030 tegimenque
673 1963 773 2028 capillis.

108 2045 168 2094 Haec
187 2045 229 2092 ubi
241 2041 373 2108 disposuit,
387 2041 466 2106 patriai
476 2042 536 2092 Jove
546 2057 615 2092 uatus
626 2043 655 2091 ab
666 2059 720 2092 arce

108 2122 199 2173 Desilit
208 2127 234 2172 in
253 2136 326 2172 terras
339 2140 345 2170 a
358 2121 410 2170 illic
427 2123 581 2186 tegimenque
590 2123 713 2182 removit,

110 2201 144 2250 Et
161 2201 241 2264 posuit
254 2215 359 2264 pennas=
372 2197 541 2248 tantummodo
553 2202 618 2265 virga
628 2215 718 2250 retenta
731 2201 772 2252 est.
833 2220 876 2273 ⁶75

110 2277 165 2326 Hac
179 2280 251 2342 agit,
271 2291 298 2328 ut
314 2277 405 2342 pastor,
420 2294 462 2342 per
478 2275 547 2328 devia
562 2295 616 2328 rura
631 2279 751 2346 capellas,

111 2353 183 2404 Dum
200 2355 286 2417 venit,
304 2353 413 2404 abdusias
425 2374 431 2404 e
445 2359 469 2406 δι
481 2357 570 2406 struffls
580 2372 662 2407 cantat
676 2361 765 2408 avenis.

112 2433 184 2482 Voce
200 2431 265 2484 nova
279 2448 360 2499 captus
370 2433 446 2483 custos
460 2433 577 2484 Iunonius
589 2469 597 2494 ‚
609 2438 640 2484 At
653 2451 694 2496 tu,

114 2509 230 2576 Quisquis
247 2527 288 2565 es.
307 2512 354 2560 hoc
364 2526 457 2576 poteras
467 2528 562 2580 mecum
573 2512 696 2564 considere
705 2515 776 2573 saxo,

115 2589 193 2652 Argus
209 2589 243 2638 ait
254 2607 260 2636 ι
271 2604 349 2654 neque
360 2589 422 2638 enim
440 2593 521 2655 pecori
537 2589 663 2642 fecundior
673 2591 725 2642 ullo
834 2574 883 2622 ⁶⁸⁰

116 2665 199 2716 Herba
215 2664 272 2715 loco
283 2666 315 2714 est
326 2683 333 2714 e
345 2681 471 2734 aptamque
482 2665 549 2720 vides
560 2669 690 2734 pastoribus
703 2669 824 2718 umbram.

115 2741 182 2802 Sedit
197 2741 353 2804 Atlantides,
371 2748 395 2794 bc
410 2746 595 2802 euntemmulta
610 2744 735 2812 loquendo

118 2819 231 2871 Detinuit
245 2823 354 2872 sermone
364 2821 427 2872 diem
438 2842 445 2874 a
458 2826 590 2888 junsiisque
607 2822 716 2874 canendo

119 2895 223 2947 Vincere
233 2895 387 2950 arundinibus
397 2901 513 2954 servantia
522 2901 614 2952 lumina
622 2916 708 2952 tentat.
741 2937 744 2944 .
