2078 3708
206 173 271 239 128
314 235 316 240 ,
357 165 400 235 Ρ.
417 165 574 232 Orrnrr
589 167 788 234 NAsonrs

202 289 283 338 Altera
293 304 333 354 pet
344 287 456 354 jugulum
464 289 546 352 pennis
559 302 626 336 tenue
637 289 686 335 isia
697 289 783 352 sagitta
798 283 840 339 esi,

201 367 300 434 Expulit
310 369 371 418 hanc
381 367 474 430 sanguis
486 382 492 412 r
505 367 574 430 seque
584 363 714 430 eiaculatur
724 368 749 414 iu
761 363 840 412 altum

156 447 316 504 acumine,
332 447 357 496 dc
369 442 440 508 longi
451 443 567 492 terebrati
578 442 672 506 prosilit
682 443 747 492 auri.

202 525 309 574 Ultimus
320 522 425 572 Ilioneus
434 536 485 570 non
497 520 630 586 profestum
641 517 761 586 precando

202 603 303 652 Brachia
314 599 450 650 sustulerat:
465 597 546 665 Dique
557 597 589 646 ul
602 601 764 647 communiter
773 612 860 648 ornnes
870 630 885 658 λ

203 680 319 734 Dixerat,
335 681 430 744 ignatus
439 693 489 726 non
499 692 583 728 ornnes
594 671 639 724 elle
650 674 791 740 rogandos,

204 757 303 807 Parcite.
316 757 399 806 Motus
409 771 476 815 erat,
488 753 542 808 crim
553 758 606 820 jam
614 753 748 808 revocabile,
760 753 842 807 telum

157 838 187 884 λθ
191 844 200 888 5
205 835 262 885 Non
273 834 338 895 suit,
354 837 490 888 Arcitenens
502 851 509 882 r
520 835 623 880 minimo
635 847 715 887 tamen
726 829 820 882 occidit
829 830 874 884 ilie

206 913 310 964 Vulnere
322 930 333 972 ᾗ
345 929 395 968 non
406 911 454 966 alti
464 908 572 977 percusso
584 909 656 962 corde
670 913 763 977 sagitti.

236 1071 309 1122 Fama
320 1073 396 1132 mali,
410 1071 540 1138 populique
551 1070 640 1132 dolor,
654 1072 813 1137 lacrymaeque
825 1071 930 1120 suorum

206 1147 268 1200 Tam
280 1151 361 1200 subita:
372 1167 474 1206 matrem
483 1165 574 1202 certam
585 1151 662 1204 secere
673 1153 764 1209 ruine..

206 1228 339 1278 Mirantem
348 1225 449 1294 potuiss'e
459 1247 467 1287 3
478 1230 682 1294 irascentemque,
697 1225 764 1294 quod
773 1229 827 1280 ausi

160 1306 261 1355 ²70H0c
273 1303 347 1362 essent
358 1307 456 1376 Superi,
469 1304 536 1371 quod
547 1321 640 1355 tannun
650 1309 707 1371 juris
717 1306 847 1358 haberent.

207 1383 272 1432 Nam
283 1399 348 1448 parer
358 1385 478 1447 Amphion
488 1418 497 1443 ,
511 1383 574 1432 ferro
586 1400 627 1448 per
640 1385 718 1448 penus
729 1377 814 1434 adano
825 1415 837 1442 ,

207 1461 311 1509 Finierat
322 1463 425 1514 moriens
436 1464 523 1526 pariter
537 1477 597 1510 cum
606 1461 658 1509 luce
669 1459 789 1512 dolorem.

207 1539 279 1588 Heu!
292 1540 467 1603 quantumhaec
479 1539 559 1588 Niobe
570 1538 650 1588 Niobe
663 1537 764 1588 distabat
775 1541 806 1586 ab
819 1537 865 1588 illa
876 1573 886 1600 ,

209 1617 268 1677 Quae
280 1615 355 1666 modo
365 1617 446 1665 Latois
456 1617 574 1682 populum
585 1620 736 1667 submoverat
747 1615 810 1666 arisi

118 1712 121 1716 ·
161 1694 239 1744 ²75Et
248 1693 352 1743 mediam
364 1694 451 1745 tirlerat
464 1691 552 1758 gressus
563 1697 670 1762 resupina
680 1712 721 1760 per
731 1695 834 1754 urbem,

209 1771 329 1826 invidiosa
339 1774 384 1822 suis
395 1773 401 1821 i
415 1787 439 1820 at
448 1789 512 1822 nunc
523 1772 656 1822 miseranda
665 1771 704 1822 vel
713 1771 784 1822 hosti.

209 1849 358 1916 Corporibus
368 1849 454 1916 gelidis
463 1852 582 1906 incumbit
594 1869 600 1899 t
614 1855 637 1901 δι
652 1848 735 1904 ordine
746 1849 819 1906 nulle)¹

209 1929 298 1978 Oscula
308 1927 425 1994 dispensat
436 1943 504 1978 natos
516 1931 623 1993 suprema
634 1945 674 1994 ptr
686 1945 782 1980 omnen

210 2007 230 2056 A
240 2009 325 2073 quibus
336 2007 368 2058 ad
378 1999 468 2057 coelunt
479 2007 576 2056 liventia
588 2008 683 2059 brachia
695 2003 793 2056 tendens
802 2041 816 2064 ,

163 2074 325 2144 ²80Pascere,
343 2083 464 2143 erudelis,
482 2086 581 2142 nostro,
600 2085 692 2134 Latona
705 2119 712 2144 ,
730 2082 815 2133 dolore
828 2102 834 2132 e

210 2162 325 2221 Poscere,
340 2165 394 2220 ait3
411 2164 516 2227 sntiaque
526 2179 581 2217 meo
596 2176 636 2210 tua
649 2163 742 2226 peslota
755 2161 839 2212 lusiue

180 2263 182 2278 ν
211 2239 309 2304 Corque
320 2237 396 2292 ferunt
409 2239 483 2296 satia,
498 2237 567 2288 dixit.
580 2240 622 2287 Pet
637 2239 719 2290 funera
730 2239 822 2302 septem,

211 2315 304 2368 Efferor
316 2337 322 2366 ι
333 2315 440 2374 exsulta,
457 2317 587 2381 visitixque
598 2319 695 2368 inimica
710 2319 839 2379 triumpha.

212 2393 263 2444 Cur
278 2411 357 2444 autern
373 2397 473 2444 visitix?
490 2395 579 2442 miserae
593 2397 651 2444 rnibi
664 2395 732 2459 plura
743 2394 886 2458 supersunt,

120 2471 125 2480 '
165 2463 293 2529 zirQuim
305 2473 348 2522 tibi
359 2472 424 2520 felici
435 2491 441 2519 t
453 2472 505 2536 post
517 2487 554 2521 ror
563 2489 659 2538 quoque
670 2471 752 2522 sunere
762 2475 845 2524 vinco.

211 2549 310 2598 Dixerat
320 2567 326 2596 ε
338 2551 444 2599 insonuit
454 2565 569 2599 contento
579 2567 664 2600 nervus
675 2551 706 2606 ab
716 2567 771 2606 arcu
780 2585 794 2612 ,‚

214 2627 280 2686 Qui,
296 2642 378 2692 prater
388 2626 485 2683 Nioben
494 2641 567 2680 unam
576 2663 587 2687 ,
596 2631 727 2684 conterruit
737 2645 836 2682 ornnes.¹

211 2705 256 2754 Illa
266 2705 332 2754 malo
342 2706 374 2762 eli
387 2703 465 2762 audate¹
473 2723 479 2754 r
492 2706 582 2756 stabant
593 2723 651 2760 curn,
660 2706 760 2760 vestibus
773 2710 831 2758 attis

211 2785 273 2832 Ante
283 2799 348 2832 toros
359 2783 460 2834 fratrum
470 2780 575 2834 demisso,
583 2787 647 2834 crine
659 2785 758 2832 sorores.

163 2861 232 2912 ι9ῑ>Ε
242 2862 326 2929 quibus
336 2877 404 2921 wa
416 2863 509 2914 trahens
519 2865 632 2928 harentia
642 2863 730 2918 viscere
741 2860 793 2918 tela
