2036 3714
104 276 536 368 Mernuonrrrottott
553 306 591 376 L.
614 309 715 381 VIII.
738 341 798 408 193

78 395 164 467 thue
175 404 265 456 fretum
275 415 359 478 recipit
375 415 404 466 de
423 422 475 472 toti
487 421 588 478 flumina
606 433 684 493 tetri,

76 476 131 528 Nec
142 483 241 534 satiatur
251 493 318 561 aquis
331 527 338 551 ,
354 502 537 570 peregrlnotque
549 508 624 559 ebibit
638 529 736 572 affluent

76 555 161 622 thue
178 578 251 628 rapax
261 569 322 632 ignis
333 589 383 622 non
390 592 505 642 umquam
516 583 631 638 alimenta
641 595 749 661 recusat,

74 632 267 708 innumerasque
282 646 344 696 faces
361 667 451 703 crernat
464 662 510 714 p&
521 677 570 725 quo
581 669 651 730 copia
661 679 739 739 major

71 711 116 761 Est
131 713 188 766 data
199 755 208 778 ,
228 721 297 785 plura
307 731 384 790 petit;
397 733 514 800 turbique
524 745 635 792 voracior
645 749 696 811 ipsi
711 755 755 815 est,

72 791 114 840 Sic
135 796 215 858 epulas
226 815 310 850 omnes
320 803 494 862 Erisichthouis
510 833 552 866 ora
562 821 659 882 profani

71 869 219 936 Accipiunt,
240 881 389 949 poscuntque
401 890 483 942 simul.
496 892 572 944 Cibus
585 905 664 952 omnis
680 908 705 955 iu
720 909 765 961 illo

71 947 153 1000 Causa
165 955 213 1002 cibi
232 959 266 1006 est
278 977 284 1007 r
297 962 435 1030 semperque
449 968 516 1020 locus
530 971 558 1022 fit
567 977 644 1028 inanis
660 981 763 1038 edendo.

69 1025 173 1094 Jamque
191 1031 256 1082 fame
271 1043 358 1100 patrias
370 1043 460 1110 altique
471 1055 584 1116 voragine
606 1063 712 1124 ventris,

68 1105 214 1159 Attenuirat
228 1127 286 1177 opes
297 1133 303 1162 ε
313 1116 354 1167 sed
363 1121 511 1176 inattenuata
522 1135 635 1184 manebas

68 1181 136 1232 Tum
153 1203 269 1256 quoque,
286 1191 338 1244 dlra
351 1196 426 1248 fames
439 1236 447 1261 ,
462 1205 644 1276 implacataeque
655 1219 752 1282 vigebat
796 1219 840 1281 845

68 1257 179 1313 Flamma
189 1268 260 1330 gule.
276 1271 387 1324 Tandem
399 1311 407 1336 ,
421 1277 523 1332 demisso
534 1287 559 1334 in
573 1291 662 1342 viscera
673 1302 759 1356 censu,

64 1339 129 1389 Filia
147 1344 249 1396 restabat
260 1381 268 1404 ,
280 1365 329 1399 non
340 1353 385 1402 illo
393 1353 466 1420 digna
473 1377 571 1424 parente
586 1384 592 1414 r

64 1415 327 1488 Hencquoquevendit
336 1433 553 1497 inops.Dominuru
562 1447 674 1509 generosa
686 1457 788 1518 recusarp

63 1491 97 1542 Et
117 1497 197 1548 vicina
207 1501 259 1549 suas
275 1498 372 1556 tendens
383 1511 451 1575 super
463 1530 559 1580 equora
568 1522 679 1589 palmas,

62 1567 135 1634 Eripe
146 1589 186 1622 me
201 1574 320 1642 domino,
332 1589 374 1649 qui
386 1603 457 1652 raptae
472 1599 569 1656 premia
583 1602 654 1652 nobis

62 1645 216 1713 Virginitatis
227 1659 315 1719 habes,
328 1666 369 1711 ait.
383 1665 438 1716 Hac
452 1669 577 1734 Neptunus
588 1679 691 1732 habebat
703 1704 709 1734 r

61 1723 126 1785 Qui,
139 1746 210 1793 prece
226 1750 276 1784 non
287 1739 363 1802 spreti
376 1777 383 1801 ,
396 1737 505 1809 quamvis
519 1751 595 1804 modb
607 1760 658 1808 visa
669 1761 777 1827 sequenti

60 1801 127 1853 Elset
137 1809 212 1864 hero,
232 1813 382 1883 formamque
394 1836 482 1884 novat,
493 1827 636 1896 vultumque
646 1840 742 1890 virilem

59 1880 163 1939 induit,
184 1892 209 1936 δι
225 1889 301 1942 cultus
311 1898 400 1958 piscem
411 1904 558 1963 capientibus
576 1925 653 1972 aptos.

57 1957 130 2010 Hanc
148 1963 261 2018 dominus
273 1973 375 2036 speiians
384 2009 391 2034 ‚
409 1977 443 2026 o!
461 1983 502 2044 qui
512 1982 641 2044 pendentia
652 2007 727 2054 parvo
787 2007 831 2072 855

56 2038 80 2086 n
91 2056 117 2088 ra
130 2044 185 2092 cibo
207 2047 284 2107 celas,
304 2049 442 2103 moderator
454 2056 592 2120 arundinis,
608 2067 705 2131 inquit,

56 2114 96 2162 ste
113 2133 179 2166 mare
190 2128 352 2188 compositum
366 2162 373 2186 ‚
386 2131 418 2176 sic
431 2133 461 2178 sit
476 2134 520 2180 trbi
529 2137 598 2198 piscis
617 2141 642 2188 in
654 2143 717 2194 unda

55 2187 196 2252 Credulus,
212 2199 237 2243 ὃς
254 2197 350 2256 nuilus,
369 2204 415 2248 nisi
429 2201 505 2262 linus,
524 2209 610 2258 sentiat
627 2213 726 2265 hamosr

56 2263 116 2322 Quae
138 2267 215 2317 modi)
224 2305 232 2329 ,
249 2289 304 2322 cum
320 2274 364 2330 vili
376 2278 474 2326 turbatis
490 2282 552 2330 velle
568 2285 681 2348 capillis,

54 2339 138 2392 Litore
148 2349 173 2394 in
193 2351 240 2396 boc
250 2349 359 2411 steterat,
374 2370 429 2404 umn
447 2357 547 2408 stantem
558 2363 584 2408 in
596 2363 667 2414 litore
675 2367 726 2418 vidi
733 2404 741 2431 ,
782 2389 832 2438 340

53 2415 102 2467 Dic
124 2425 164 2470 ubi
178 2428 223 2472 site
233 2443 309 2491 neque
320 2432 384 2480 enim
393 2432 489 2498 vestigia
500 2433 593 2500 iungitis
605 2435 704 2493 exstant.

53 2495 100 2546 llla
115 2499 162 2549 Dei
183 2519 269 2552 munus
289 2509 346 2555 bene
359 2508 441 2558 cedere
460 2513 530 2580 sentit
543 2518 583 2577 r&
593 2534 606 2566 a
617 2513 640 2566 se

52 2577 81 2623 Se
92 2582 165 2642 quaeri
178 2579 283 2644 gaudeus
296 2618 304 2642 ,
322 2587 357 2634 his
370 2589 401 2636 est
412 2591 518 2638 resecuta
529 2609 666 2658 rogantem.

51 2652 165 2721 Quisquis
178 2675 201 2706 es
212 2693 219 2717 ,
231 2662 353 2722 ignoscas:
370 2667 394 2712 in
405 2665 497 2716 nnllam
509 2667 601 2720 lumina
612 2690 706 2738 partem

50 2731 151 2798 Gurgite
170 2736 199 2784 ab
217 2738 263 2786 hoc
279 2736 353 2799 flexi,
372 2740 496 2807 studioque
515 2763 624 2810 operatus
636 2755 726 2806 irritari.
774 2779 815 2844 355

48 2805 153 2873 Quoque
170 2815 250 2858 minus
269 2811 380 2873 dubites,
399 2821 431 2865 sic
443 2821 484 2867 lias
496 2819 560 2869 Deus
572 2831 673 2890 aequoris
692 2848 752 2884 artes

48 2883 171 2950 Adiuvct,
193 2903 219 2936 ut
240 2905 311 2938 neruo
328 2891 479 2954 jamdudum
493 2896 563 2946 litore
574 2903 598 2948 in
611 2903 669 2966 ill-o,

45 2963 86 3012 Me
110 2979 190 3014 tarnen
203 2983 302 3036 excepto
316 3009 322 3036 ,
340 2986 383 3020 nec
398 2971 487 3024 semina
498 2978 604 3028 constitit
624 2982 683 3034 ulla.

81 3056 150 3106 Terra.
169 3059 208 3108 II.
627 3071 638 3121 Ῑ

801 842 848 902 840

791 1619 839 1682 850
