2036 3714
179 223 605 294 Marrnomnosaon
630 226 666 294 L
692 229 736 296 X.
773 252 837 315 223
933 229 934 232 ’

118 337 208 403 Quam
226 345 294 412 quod
310 362 374 408 erat,
392 347 495 397 mallet:
508 347 668 401 nulliumen
683 347 739 400 alite
750 353 810 400 verti
825 365 827 372 ’

116 423 261 488 Dignatur,
280 429 325 474 nisi
336 443 388 491 quae
399 430 473 491 possit
484 428 525 474 sua
535 426 638 476 fulmina
652 425 721 475 ferte.

116 501 175 552 Nec
190 520 276 553 mora:
288 501 396 569 perculso
407 502 561 554 mendacibus
573 510 625 553 aire
641 507 738 570 pennis,
806 543 811 546 .

115 579 218 645 Abripit
229 580 321 633 Iliaden
334 601 340 631 t
353 586 394 648 qui
406 599 469 632 nuuc
484 599 581 649 quoque
594 582 681 648 pocula
693 584 791 644 miscet,
843 595 890 632 tro

114 656 250 726 invitique
267 660 321 712 lovi
338 663 417 710 nestar
427 661 520 710 lunone
531 660 657 710 ministrat.

154 819 192 868 Tc
198 836 295 886 quoque
305 855 313 880 ,
324 819 450 884 Amyclide
457 855 466 882 ,
479 818 717 888 posuiffetinaethete
726 822 839 884 Phoebus,

116 896 208 947 Tristia
218 903 237 948 si
247 901 350 965 spatium
361 898 466 965 ponendi
480 901 528 950 fata
539 897 665 951 dediffent.

116 975 265 1037 Qud-licet,
281 993 380 1028 aternus
395 993 475 1028 tamen
491 995 514 1028 es
527 997 534 1029 a
546 982 687 1046 quotiesque
696 978 792 1044 repellit

116 1055 170 1103 Ver
178 1057 300 1118 hiemem,
320 1057 427 1122 Piscique
442 1057 508 1106 Aries
518 1057 623 1108 succedit
640 1060 748 1123 aquosot
844 1051 886 1103 ¹⁶5

117 1129 159 1180 Tu
171 1135 242 1182 toties
251 1135 342 1192 oreris,
361 1133 480 1200 viridique
491 1138 515 1184 in
524 1137 609 1200 cespite
619 1151 711 1185 vernat.
776 1143 778 1150 “

116 1209 156 1258 Te
175 1227 242 1260 meus
261 1225 315 1260 ante
326 1211 385 1260 alios
397 1216 491 1276 genitor
501 1211 586 1262 dilexit
598 1231 604 1262 =
615 1217 639 1263 δι
654 1213 713 1264 orbe

115 1287 147 1337 ln
169 1287 251 1338 medio
262 1291 335 1355 positi
345 1306 471 1340 caruerunt
479 1289 577 1356 preside
588 1291 687 1356 Delphi.

115 1365 187 1415 Dum
202 1367 267 1416 Deus
285 1368 409 1428 Eurotan,
422 1371 624 1436 immunitamque
637 1370 774 1436 frequentet

115 1445 219 1509 Sparten
230 1463 239 1504 ς
254 1463 298 1496 nec
313 1448 427 1507 citharae,
445 1462 489 1496 nec
501 1448 592 1496 suntin
609 1449 701 1496 honore
712 1449 820 1518 sagittet
843 1449 887 1492 ¹70

112 1518 251 1573 'immemor
268 1525 316 1588 ipse
328 1526 362 1573 sui
374 1540 425 1574 non
440 1527 499 1574 retia
515 1525 576 1574 ferre
588 1527 696 1584 recusat,
749 1535 768 1554 “¹

116 1601 180 1651 Non
200 1599 299 1652 tenuiile
313 1618 381 1652 canes
393 1619 401 1662 3
414 1619 464 1651 non
478 1619 520 1668 per
535 1607 592 1668 iuga
602 1605 692 1652 montis
706 1605 784 1668 iniqui

115 1677 165 1729 lise
181 1677 461 1746 comeazlongique'alit
471 1677 745 1742 affuetudineilammas.
781 1709 783 1715 ·

113 1757 220 1822 Jamque
230 1756 277 1806 fere
288 1755 379 1806 medius
396 1759 469 1807 Titan
483 1762 599 1808 venientis
612 1762 636 1808 δι
651 1762 722 1808 atlae·
811 1787 816 1795 ·

114 1834 203 1884 Nostis
220 1850 269 1884 erat
280 1870 288 1896 ,
301 1837 425 1901 spatioque
436 1839 486 1900 pari
497 1833 598 1884 distabat
608 1839 728 1901 utrimque
739 1853 748 1894 3
841 1835 882 1880 ¹75

114 1911 230 1977 Corpora
244 1913 306 1963 veste
323 1913 419 1972 levant,
433 1915 458 1960 δι
469 1913 540 1960 succo
551 1914 644 1976 pinguis
655 1912 715 1961 olivi

113 1989 307 2056 splendescunt,
327 1991 417 2056 latique
430 1992 515 2038 ineunt
526 1991 656 2038 certamina
667 1987 726 2037 disci
738 2006 745 2037 t

114 2069 198 2130 Quem
219 2071 282 2134 ptius
292 2069 365 2118 atrias
375 2069 489 2117 libratum
499 2067 603 2116 Phoebus
615 2068 640 2114 in
650 2083 717 2115 aurat

113 2147 207 2208 Misit,
230 2151 254 2197 dc
268 2149 388 2212 oppositas
398 2144 492 2212 disjecit
502 2142 608 2210 pondere
622 2146 705 2193 nubet.

113 2223 214 2277 Recidit
230 2229 255 2274 in
270 2221 374 2274 solidam
384 2214 458 2288 longo
470 2221 521 2288 post
530 2237 636 2288 ternpore
649 2236 736 2272 terram
839 2205 884 2253 ¹3⁰

113 2305 232 2364 Pondus,
253 2307 279 2354 δι
294 2303 401 2352 exhibuit
413 2304 516 2368 junciarn
531 2318 587 2352 cum
598 2303 689 2351 vitibus
699 2315 784 2350 artem.

114 2385 228 2433 Protinus
246 2379 401 2446 imprudens,
417 2382 527 2446 aliusque
537 2377 649 2445 cupidine
660 2377 711 2428 ludi
723 2415 731 2440 ,
742 2407 743 2410 =

114 2459 216 2510 Tollere
227 2456 362 2508 Tanaridet
372 2458 455 2506 orbern
473 2459 615 2522 properabat
628 2472 667 2506 :at
682 2457 753 2508 illum

113 2539 186 2590 Dura
203 2533 337 2603 repercuilo
347 2537 448 2601 subjecit
457 2538 487 2585 ab
497 2541 549 2586 a'e're
562 2535 632 2584 tellus

115 2617 147 2666 ln
163 2615 262 2675 vultus,
279 2614 429 2678 Hyacinthe,
443 2628 506 2664 tuos.
522 2613 643 2679 Expalluit
658 2612 744 2680 aqui,
838 2608 880 2670 ¹35

114 2697 153 2745 Ac
163 2709 236 2759 puer.
253 2693 302 2758 ipse
313 2691 378 2742 Deus
388 2710 394 2742 ι
406 2692 570 2759 collapsosque
583 2695 671 2756 excipit
684 2703 758 2741 artua.

114 2773 149 2824 Et
162 2769 238 2822 modo
250 2786 273 2820 te
282 2770 388 2822 refovete
396 2769 473 2822 modo
484 2771 558 2820 tristia
567 2769 665 2820 vulnera
676 2771 767 2818 siccat:
867 2818 869 2823 ,

113 2850 190 2900 Nunc
207 2851 312 2898 animam
330 2845 434 2898 admotis
447 2847 578 2912 fugientem
595 2846 690 2896 sustinet
699 2847 788 2896 herbis.

113 2928 160 2984 uu
169 2929 270 2998 prosunt
285 2941 361 2980 artes:
374 2941 423 2982 erat
438 2923 616 2980 immedicabile
626 2924 720 3054 vulpot.

693 3017 719 3054 ru
