2078 3708
143 233 590 302 METAMORPHOSEON
604 233 641 302 t.
665 235 707 303 V.
739 258 801 325 ιη

65 358 162 424 Perque
173 356 312 422 pruinosas
323 354 380 402 tulit
390 357 517 420 irrequieta
529 357 643 406 tenebrat.

64 437 176 494 Rursus,
195 449 226 483 ut
245 432 315 482 alma
331 429 381 480 dies
397 431 519 482 hebetirat
537 432 632 494 sidera,
645 449 726 484 natam

64 515 128 562 Solis
146 511 180 562 ad
195 512 321 560 occasum
332 545 339 570 ,
352 510 413 558 Solis
426 512 544 576 querebat
555 513 585 560 ab
597 528 661 561 ortu.
808 525 853 570 445

64 591 132 640 Feffa
151 591 245 640 labore
258 592 329 638 sitim
340 589 489 653 collegerat,
503 606 592 655 oraque
607 590 677 639 nulli·

64 667 221 718 Colluerant
238 666 343 716 fontes:
358 667 414 715 crim
430 670 514 716 retient
527 668 638 716 stramine
647 667 710 717 vidit

64 747 138 796 Forte
160 748 250 796 casam
262 763 270 804 3
287 761 418 810 parvasque
434 745 497 794 fores
509 746 612 810 pulsavit
621 765 627 795 t
636 759 660 794 at
671 743 727 794 inde
782 760 786 768 ·

63 824 151 876 Prodit
159 841 225 874 anus
237 861 247 885 ‚
264 825 404 889 Divarnque
417 821 497 882 videt3
513 823 685 889 lymphamque
698 825 808 888 roganti,

62 903 142 952 Dulce
153 901 230 954 dedit
244 939 252 962 ,
268 901 333 963 tosti
344 899 411 967 quod
423 917 521 951 coxerat
531 901 585 950 ante
597 901 704 966 pelenti.
805 905 854 955 45⁰

65 982 132 1031 Dum
150 983 219 1031 bibit
232 982 281 1030 illa
294 979 395 1039 datum,
413 978 466 1028 duri
478 996 535 1044 puer
550 983 598 1028 oris
616 983 640 1028 δε
655 976 732 1028 audax
747 995 751 1004 ·

65 1057 187 1110 Constitit
200 1073 262 1107 ante
273 1059 354 1106 Deam
366 1077 371 1105 :
384 1061 498 1123 risitque,
511 1056 651 1122 avidamque
666 1058 771 1106 vocavit.

66 1136 167 1188 offensa
181 1139 218 1186 est
231 1157 237 1185 :
251 1153 335 1201 neque
347 1134 423 1184 adhuc
435 1136 506 1199 epoti
517 1151 599 1200 parte,
613 1135 754 1199 loquentem

66 1215 134 1266 Cum
148 1215 250 1282 liquido
268 1214 349 1263 mixti
360 1212 466 1278 perfudit
477 1213 541 1263 Diva
551 1212 657 1278 polemi.

65 1293 201 1344 Combibit
213 1311 243 1342 os
259 1294 386 1349 maculam
401 1295 425 1340 δι
437 1325 445 1350 ,
462 1290 510 1356 qui
522 1289 597 1339 modb
609 1291 704 1339 brachia
719 1291 851 1355 gessit‚455

69 1371 149 1422 Crura
165 1377 231 1438 gerit
243 1392 250 1421 :
261 1369 342 1421 cauda
356 1369 388 1418 est
397 1373 495 1418 mutatis
508 1367 589 1418 addita
600 1369 729 1427 membris3

68 1449 145 1514 Inque
157 1453 264 1500 brevem
284 1449 404 1508 formam,
417 1465 446 1496 ne
456 1452 486 1497 sit
501 1451 536 1497 vis
549 1465 635 1512 magna
646 1446 749 1496 nocendi
762 1483 772 1507 ‚

70 1525 250 1578 contrahitur:
262 1527 384 1592 parvique
394 1529 473 1575 minor
484 1528 593 1576 mensura
604 1525 692 1574 lacerti
702 1526 743 1575 est.

70 1604 221 1663 Mirantem,
240 1605 407 1670 flentemque,
421 1609 444 1654 δι
457 1621 551 1670 tangere
562 1605 666 1654 monstra
678 1618 801 1669 parantem

71 1681 141 1747 Fugit
159 1702 255 1742 anurn3
275 1685 436 1748 latebramque
447 1687 522 1748 petit:
532 1698 662 1748 aptumque
674 1682 752 1732 colori
801 1692 850 1741 460

72 1758 171 1811 Nomen
183 1765 273 1818 habet,
290 1765 359 1812 variis
370 1761 473 1810 stellatus
485 1776 586 1828 corpora
597 1763 680 1827 guttis.

105 1920 171 1981 Quas
190 1924 245 1973 Dea
257 1941 299 1990 per
308 1939 392 1983 terras,
415 1927 440 1972 ὃ(
457 1939 514 1988 quas
528 1925 640 1972 erraverit
650 1917 743 1984 undat,

73 1995 159 2048 Dicere
171 1999 249 2067 longa
265 2019 334 2052 mora
349 2002 382 2052 est
395 2020 401 2050 ι
414 2003 529 2068 quaerenti
540 1999 618 2048 defuit
628 2003 701 2048 orbis.

74 2076 192 2126 Sicaniam
204 2083 294 2145 repetit
306 2099 312 2128 ε
326 2078 432 2146 dumque
445 2082 528 2128 omnia
539 2077 621 2127 lustrat
637 2077 731 2136 eund03

73 2149 180 2205 Venit&
191 2155 226 2206 ad·
236 2157 357 2218 Cyanen:
371 2174 415 2216 ea,
431 2159 456 2206 ni
467 2172 559 2210 mutata
571 2153 665 2218 fuiss'et,
797 2158 842 2210 4⁶5

75 2229 163 2282 Omnia
177 2233 314 2284 narrasset:
327 2234 368 2285 sed
379 2240 403 2284 bt
413 2253 440 2285 os
457 2239 482 2286 δι
497 2235 577 2301 lingua
586 2235 679 2286 volenti

75 2305 161 2358 Dicere
172 2329 224 2363 non
235 2311 350 2362 aderant:
360 2331 403 2363 nec
415 2349 423 2374 ,
438 2331 486 2380 quo
498 2314 653 2380 loqueretur,
669 2316 779 2365 habebat.

76 2386 147 2450 Signa
165 2404 249 2440 tamen
261 2391 384 2441 manifesta
394 2390 461 2442 dedit
472 2412 478 2441 t
490 2409 622 2462 notamque
633 2396 738 2458 parenti,

74 2461 120 2512 Illo
140 2465 204 2517 forte
219 2469 276 2518 loco
290 2467 428 2534 delapsam,
440 2474 533 2534 gurgite
544 2473 610 2520 sacto

77 2539 237 2608 Persephones
253 2563 339 2596 zonam
351 2550 449 2598 summis
460 2547 563 2599 ostendit
572 2553 599 2600 in
611 2548 690 2599 undis.
795 2567 844 2612 470

78 2615 156 2676 Quam
167 2625 241 2674 simul
251 2630 362 2690 agnovit,
374 2642 497 2694 tamquam
507 2643 558 2678 tum
570 2627 673 2694 denique
687 2645 780 2694 raptam

81 2696 178 2760 struet,
196 2705 319 2754 inornatos
330 2705 428 2756 laniavit
440 2707 502 2758 Diva
513 2707 613 2772 capillos
623 2725 632 2766 5

81 2769 111 2822 Et
130 2783 230 2842 repetita
240 2783 285 2830 suis
297 2787 410 2848 percussit
421 2788 515 2849 peeiora
525 2785 619 2849 palmis.

82 2848 132 2900 Nec
144 2856 189 2904 scit
199 2856 276 2908 adhuc
288 2862 328 2910 ubi
341 2864 386 2911 rit:
399 2877 470 2911 terras
480 2879 560 2912 tamen
568 2865 675 2927 increpat
685 2881 785 2920 omnes.

83 2923 232 3002 latratuque
242 2953 329 3000 vocat,
345 2957 388 2991 nec
403 2940 499 3008 frugum
509 2957 607 2992 munere
614 2939 697 3009 digner
702 2961 710 3002 3
792 2955 838 3003 475
