2036 3714
218 295 285 340 222
361 269 404 338 P.
427 261 582 336 Omni
602 267 802 336 Nasonis

215 394 305 454 Nunc,
321 409 393 460 eques
404 394 429 442 in
438 405 506 458 tergo
517 389 635 446 residens,
652 393 699 441 huc
714 391 777 441 latus
788 393 812 442 ic
823 389 882 442 illus
888 421 898 450 ,

170 473 305 535 ttsMollia
319 476 443 539 purpureis
460 474 569 524 frenabat
579 489 622 524 ora
633 473 746 538 capistris·

217 550 294 604 AEstus
312 565 376 610 erat,
389 548 528 616 mediusque
539 547 603 609 dies3
615 549 722 615 Solisque
731 564 822 614 vapore

218 627 334 680 Concava
353 629 432 680 litorei
449 627 572 679 fervebant
582 631 677 678 brachia
688 627 790 678 Cancri.

217 702 297 754 Feffua
309 708 334 754 in
346 702 447 754 herbosi
458 704 538 768 posuit
548 705 588 752 sua
598 717 699 766 corpora
706 701 770 750 terri

218 781 311 833 Cervus
321 817 330 842 ,
348 785 374 831 bt
389 780 488 832 arborei
498 779 601 830 ducebat
609 780 683 846 frigus
693 781 723 828 ab
733 779 831 827 umbra.

172 861 289 916 emilane
302 877 360 926 puer
373 859 510 925 imprudens
520 859 604 925 jaculo
618 855 757 923 Cypariffus
767 870 844 906 acuto

218 939 296 988 Fixit:
308 941 333 987 δι
344 972 352 994 .
365 953 391 988 ut
400 941 463 990 iaso
473 941 618 989 morientem
632 937 729 988 vulnere
740 934 823 996 vidit,

219 1015 289 1066 Velle
299 1019 361 1065 mori
372 1017 460 1068 statuit.
472 1017 532 1078 Quae
543 1033 593 1066 non
609 1015 692 1065 solatia
702 1016 810 1070 Phoebus

219 1093 289 1144 Dixit
303 1098 360 1155 tic,
380 1110 406 1146 ut
417 1095 500 1146 leviter
512 1111 573 1172 ,pro
585 1094 732 1164 materiaique
743 1090 840 1142 doleret
852 1123 862 1150 ‚

220 1171 370 1222 Admonuit:
384 1177 459 1240 gemit
467 1173 509 1222 ille
520 1181 602 1223 tamen
613 1192 620 1221 t
631 1187 765 1236 munusque
780 1171 921 1236 supremum

175 1250 275 1302 ¹35Hoc
297 1255 358 1317 petit
372 1269 385 1302 a
396 1255 489 1318 Superis
499 1287 508 1308 ,
524 1267 551 1302 ut
562 1268 668 1318 tempore
679 1251 761 1315 lugeat
773 1253 854 1300 omni.

221 1329 322 1396 Jamque
334 1365 342 1391 ,
353 1348 395 1395 per
407 1333 536 1382 immensos
544 1330 744 1396 egestoiauguine
754 1325 842 1389 fimus„

221 1408 248 1456 ln
264 1407 367 1460 viridem
385 1415 446 1461 verti
457 1424 579 1477 coeperunt
590 1409 697 1458 membra
707 1406 833 1464 colorem3

221 1486 252 1535 Et
263 1486 356 1548 modis,
367 1493 409 1554 qui
420 1489 491 1539 nivei
502 1486 638 1554 pendebant
650 1485 729 1535 ironic
741 1482 825 1548 capilli
832 1515 843 1543 ,

222 1563 326 1614 Horrida
335 1569 439 1616 cesaries
454 1565 505 1615 fieri
518 1586 524 1614 z
537 1568 663 1631 sumtoque
677 1567 774 1629 rigore,

177 1639 346 1697 raosidereurn
361 1644 444 1708 gracili
455 1646 557 1709 fpediare
569 1647 691 1696 cacumine
703 1642 805 1693 caelum·

223 1719 360 1783 Ingemuit,
378 1721 494 1794 tristisque
506 1723 586 1783 Deus,
600 1722 722 1787 lugebere
730 1721 817 1779 nobie,

223 1798 372 1866 Lugebisque
383 1801 460 1863 alios,
472 1799 595 1867 aderisque
607 1799 743 1852 dolentibus
754 1835 763 1861 ‚
778 1798 873 1864 inquire

257 1945 317 1997 Tale
328 1965 411 2000 nemus
424 1963 490 1998 vates
500 1963 663 1998 contraxerat:
676 1950 748 2013 inque
760 1945 867 1995 fetarum

224 2025 339 2076 Concilio
351 2063 359 2088 ,
379 2027 471 2078 medius
483 2029 571 2086 turbe,
582 2027 757 2092 volucrumque
771 2022 881 2074 sedebat.

179 2099 260 2153 ¹45Ut
272 2107 328 2154 satis
347 2105 460 2170 impulsas
477 2111 577 2156 tentavit
589 2105 678 2171 pollice
691 2102 792 2154 chordas
801 2119 815 2162 5⁴

225 2181 256 2231 Et
273 2183 343 2231 sensit
358 2187 452 2242 varios,
464 2189 572 2250 quamvis
583 2183 673 2236 diversa
684 2185 796 2233 sonarent
807 2219 817 2243 ‚

225 2259 380 2312 Concordare
395 2261 499 2322 modos,
518 2266 565 2313 hoc
575 2281 660 2314 vocem
672 2265 777 2312 carmine
787 2261 862 2326 rupit.

173 2347 178 2356 ’
258 2341 295 2389 Ab
309 2341 367 2390 iove
377 2375 385 2400 ,
396 2341 465 2390 Musa
476 2357 569 2406 parens,
581 2341 669 2392 cedunt
679 2342 744 2390 iovis
759 2342 844 2390 omnia
854 2353 942 2404 tegno.

227 2415 342 2468 Carmina
356 2419 433 2470 nostra
446 2437 525 2471 move.
537 2420 641 2470 Joviseii
650 2423 711 2469 mihi
721 2422 781 2483 sepe
791 2418 895 2482 potestas

181 2491 296 2545 ¹i⁰Di6ia
312 2499 375 2560 prius
389 2516 395 2546 τ
407 2503 483 2547 cecini
493 2499 582 2563 plciiro
594 2501 701 2564 graviore
712 2497 847 2562 Gigantas,

226 2573 354 2638 Sparsaque
371 2575 495 2640 Phlegraeis
510 2579 615 2628 viciricia
627 2577 728 2626 fulmina
737 2579 840 2640 campis.

226 2647 297 2698 Nunc
312 2667 371 2718 opus
388 2653 420 2711 eii
431 2653 520 2705 leniore
531 2656 584 2719 lyri
596 2675 602 2706 t
614 2672 745 2723 puerosque
757 2669 875 2706 canamus

226 2726 333 2780 Dileiios
348 2734 455 2798 Superisa
468 2737 656 2802 inconcessisque
666 2735 756 2800 puellas

228 2806 324 2871 ignibus
339 2816 452 2867 attonitas
463 2812 573 2864 meruiiie
585 2811 685 2863 libidine
695 2827 802 2878 ponam.

183 2891 278 2948 155ch
295 2891 409 2954 supersim
422 2893 517 2956 Phrygii
529 2890 651 2958 quondam
663 2890 814 2953 Ganymedis
831 2910 916 2944 amore

229 2969 307 3018 Arsit:
318 2972 342 3018 δι
352 2971 477 3026 inventurn
488 2969 521 3027 tii
533 2968 640 3042 aliquid,
652 2967 718 3038 quod
728 2970 840 3046 iuppiter
853 2971 913 3035 eie,
