2056 3706
147 299 579 366 Mursuouruosnou
607 271 741 366 L'IV.
773 299 817 385 87

95 416 171 485 Ergo
183 419 226 468 ubi
236 421 259 468 se
269 417 386 485 liquidas,
398 417 448 486 qud
458 420 496 470 vir
505 415 658 469 descenderat
670 453 677 478 ‚
689 418 764 470 undas
824 418 871 482 380

99 499 261 548 Semimarem
272 495 351 547 secisse
362 495 446 554 videt,
464 497 608 564 mollitaque
618 500 644 546 in
654 497 702 546 illis
916 511 918 520 ¹

102 576 219 626 Membra
229 595 236 638 3
245 593 328 626 manus
338 575 437 627 tendens
447 612 455 637 ‚
467 573 508 626 sed
520 580 569 643 jam
578 593 629 626 non
640 593 699 627 voce
709 576 789 639 virili,

101 653 320 722 Hermaphroditus
333 659 386 717 ait,
403 655 470 706 Nato
481 653 536 705 date
547 673 646 705 munera
655 656 749 718 vestro,

99 731 133 781 Et
142 748 212 797 pater
223 737 248 784 bt
261 738 380 802 genitrix,
392 737 521 785 amborum
530 751 621 784 nomen
632 736 728 784 habenti
740 752 748 796 a

98 810 218 878 Quisquis
228 817 254 862 in
268 816 312 863 hos
323 813 401 864 fontes
411 818 448 865 vir
459 817 568 874 venerit,
580 829 648 864 exeat
657 811 714 863 inde
826 803 868 870 335

95 891 205 941 Semivir
216 911 223 940 e
237 897 261 942 be
274 894 340 944 tastis
351 893 430 944 subitb
442 893 567 943 mollescat
578 897 604 942 in
615 889 693 942 undis.

95 967 187 1019 Motus
199 985 299 1038 uterque
310 989 392 1038 parens
403 976 453 1022 nati
463 988 514 1025 rata
523 988 581 1024 vota
592 971 702 1020 biformis

95 1047 169 1098 Fecit
182 1085 191 1112 ,
212 1054 237 1100 bt
248 1053 341 1102 incerto
352 1051 446 1102 fontem
457 1049 616 1102 medicamine
627 1053 707 1101 tinxit.

132 1195 153 1244 F
154 1199 206 1246 inis
217 1211 268 1246 erat
278 1195 363 1256 disiice
379 1201 404 1247 bt
415 1195 492 1246 adhuc
502 1197 613 1259 Minyeia
623 1195 701 1262 proles

96 1271 187 1339 Urget
197 1291 257 1340 opus
267 1309 275 1334 ‚
289 1277 422 1341 spernitque
432 1275 512 1326 Deum
526 1309 534 1336 ,
553 1273 685 1339 festumque
695 1273 806 1339 profanat
817 1288 837 1334 33
844 1285 875 1326 ⁹0

97 1349 239 1418 Tympana
250 1351 306 1402 crim
316 1354 395 1403 subitb
404 1371 454 1404 non
464 1356 600 1420 apparentia
610 1355 686 1402 raucis

98 1428 266 1496 Obstrepuere
277 1434 340 1481 sonis
351 1451 357 1480 ε
372 1435 396 1481 &
407 1431 501 1484 adunco
514 1433 572 1482 tibia
584 1447 678 1490 cornu,

98 1506 246 1575 Tinnulaq3
257 1525 303 1558 aera
313 1511 407 1560 sonant.
419 1509 538 1560 Redolent
549 1513 685 1576 myrrhaeq3
697 1512 825 1576 crocique=

101 1584 202 1652 Resque
213 1585 260 1636 fide
271 1591 365 1654 major,
377 1605 470 1656 coepere
480 1581 594 1639 virescere
606 1587 659 1640 telae
670 1624 678 1649 ‚
706 1651 709 1658 ⁴

100 1661 184 1729 inque
194 1663 287 1714 lrederae
297 1665 383 1716 faciem
394 1667 497 1734 pendens
508 1663 658 1718 frondescere
668 1665 744 1717 vestis.
828 1675 873 1722 395

102 1742 164 1794 Pars
177 1745 228 1794 abit
238 1747 263 1793 in
273 1749 333 1795 vites
346 1764 352 1794 s
365 1751 390 1796 bt
400 1764 453 1814 quse
464 1745 540 1798 modb
551 1745 593 1796 fila
603 1747 715 1805 suerunt,

103 1821 214 1874 Palmite
224 1839 347 1874 mutantur
358 1842 365 1872 e
377 1823 407 1874 de
418 1827 515 1875 stamine
526 1827 651 1892 pampinus
661 1828 727 1883 exit3

105 1900 218 1966 Purpura
228 1901 351 1966 fulgorem
362 1903 427 1966 pislis
439 1901 608 1952 accommodat
619 1905 679 1952 uvis.
756 1953 758 1958 ,

104 1978 210 2046 Jamque
221 1979 272 2030 dies
284 1983 376 2030 exasius
388 1995 454 2041 erat,
467 1995 610 2047 tempusque
621 1983 730 2040 subibat,

106 2055 185 2117 Quod
195 2072 220 2107 tu
232 2075 277 2108 nec
289 2059 413 2118 tenebras,
425 2076 469 2108 nec
479 2063 555 2126 possis
565 2059 643 2110 dicere
654 2058 731 2108 lucem
738 2075 760 2130 Ξ.
826 2080 875 2124 400

107 2135 156 2186 Sed
167 2153 223 2186 cum
234 2137 288 2186 luce
300 2151 381 2188 tamen
393 2135 471 2187 dubiae
481 2137 586 2190 confinia
596 2139 680 2188 nostis.

108 2213 185 2264 Testa
195 2231 292 2282 repente
303 2219 370 2282 quati
381 2249 390 2270 ,
408 2219 554 2283 pinguesque
565 2215 646 2266 ardere
657 2213 768 2266 videntur

107 2292 245 2359 Lampades
258 2329 266 2353 ,
283 2297 308 2342 bt
320 2293 397 2343 rutilis
408 2295 525 2346 collucere
534 2297 629 2362 ignibus
639 2294 718 2356 aedes3

109 2372 227 2440 Falsaque
239 2376 351 2423 saevarum
363 2374 487 2424 simulacra
498 2373 589 2424 ululare
599 2373 711 2423 ferarum.

109 2450 213 2502 Fumida
222 2457 271 2519 jam
283 2451 374 2502 dudum
385 2452 480 2502 latitant
490 2470 532 2519 per
543 2456 603 2502 testa
613 2453 703 2502 sorores
715 2469 723 2514 ς
827 2467 872 2515 405

109 2528 264 2598 Diversatqne
274 2531 334 2580 locis
346 2534 411 2596 ignes
422 2548 449 2581 ac
461 2531 551 2582 lumina
561 2533 647 2582 vitant.

109 2608 226 2676 Dumque
237 2625 322 2674 petunt
336 2609 451 2672 latebras,
465 2627 549 2676 parvos
562 2610 701 2663 membrana
711 2625 753 2674 per
765 2621 828 2657 artus

111 2687 246 2754 Porrigitur
256 2723 264 2748 ‚
278 2691 390 2754 tenuique
400 2685 493 2738 inducit
503 2689 600 2740 brachia
611 2687 698 2752 penui.

112 2767 165 2816 Nec
175 2766 224 2836 quai
233 2763 381 2832 perdiderint
390 2783 494 2818 veterem
505 2770 597 2816 ratione
607 2765 709 2832 liguram
756 2819 759 2824 ¹
832 2753 836 2762 ’

114 2847 178 2895 Scire
189 2850 270 2895 sinunt
281 2845 382 2894 tenebrae
394 2865 399 2895 :
410 2863 459 2896 non
470 2847 523 2895 illas
529 2845 615 2912 pluma
626 2843 730 2904 levavit3
831 2847 880 2890 4¹⁰

115 2925 248 2974 Sustinuere
259 2940 339 2974 tamen
351 2925 374 2972 se
384 2924 559 2990 perlucentibus
568 2924 620 2972 alis.
659 2908 677 2940 ‘

116 3001 267 3070 Constatque
275 3003 360 3070 loqui,
372 3005 497 3053 minimam
507 3019 552 3070 pro
562 3017 661 3069 corpore
673 3015 758 3051 votem
