2036 3714
157 271 586 338 MnrAnronrrroanon
609 268 648 339 L.
675 273 718 339 X.
755 295 822 361 231

102 389 215 458 ollaque
227 427 235 453 ,
255 393 326 441 sensit
336 395 414 452 enirn,
426 407 534 458 penetrat
542 408 631 443 tremor
642 413 649 442 t
660 393 760 459 albaque
772 407 825 443 coto

102 471 208 521 Verrice
221 477 318 522 canities
330 472 411 539 rigidis
422 475 486 524 sterit
499 476 561 523 hirta
572 473 679 540 capillis:
825 491 871 538 ,μς

103 549 253 616 Multaque,
267 566 293 600 ut
301 567 419 602 excuteret
431 552 510 613 diros,
521 557 540 601 si
549 551 642 618 pollet,
654 565 762 608 amores·

102 625 221 677 Addidit.
236 631 268 678 At
282 634 353 696 virgo
369 633 412 682 scit
423 633 446 680 se
455 649 504 680 non
516 631 576 681 falsa
590 635 702 682 moneri:

105 705 187 756 Certa
196 711 260 758 mori
274 723 353 758 tamen
365 710 415 764 est,
432 713 451 759 si
461 727 511 760 non
522 715 627 776 potiatur
638 727 730 762 amato.

105 784 173 834 Vive
186 819 194 844 ‚
210 790 244 835 ait
254 790 323 846 lraec3
338 791 429 853 potiere
440 805 499 848 tuo,
515 802 565 838 non
576 791 643 849 ausa,
657 803 770 854 patente,

104 860 216 923 Dicere,
232 868 349 915 conticuit
360 885 366 914 r
378 863 537 934 promiil'aque
548 871 645 917 nurnine
656 867 745 917 firmat.
827 885 879 932 43⁴⁰

143 943 210 991 felia
221 946 265 1007 piae
282 943 375 994 CeretIs
388 945 539 995 celebrabant
549 962 626 995 annua
642 962 730 996 trutter

106 1018 173 1079 illa,
190 1023 275 1085 quibua
286 1021 357 1072 nivei
368 1023 452 1073 velate
462 1041 564 1089 corpora
573 1024 636 1075 veste

107 1099 231 1148 Primitiae
248 1099 344 1166 frugum
355 1099 427 1162 dant,
439 1104 516 1168 spicea
525 1105 585 1154 serre
595 1137 603 1162 ‚
614 1104 729 1152 suarumz'

108 1177 204 1243 Perque
221 1195 309 1229 noveru
321 1181 399 1228 nolles
411 1181 543 1241 Venerem,
563 1185 682 1247 tardiusque
697 1179 795 1241 vitiler,

110 1255 140 1304 ln
156 1259 236 1306 vetitis
252 1273 387 1331 nurnerant.
405 1259 488 1308 Turbd
499 1259 628 1310 Cenchreis
646 1258 725 1308 inilia
827 1265 874 1314 435

110 1335 184 1400 Regis
195 1334 258 1385 adest
270 1340 377 1402 conjux,
389 1353 520 1404 arcanaque
535 1341 599 1387 sacra
609 1337 753 1402 frequentat·

110 1413 193 1479 Ergo,
206 1414 314 1480 legitimi
324 1432 411 1465 vacuus
425 1415 483 1466 dum
494 1421 596 1482 conjuge
609 1416 697 1474 ledus,

110 1493 189 1542 Nabla
199 1509 295 1558 gravem
310 1497 368 1545 vino
381 1494 490 1559 Cyniran
501 1493 565 1544 male
574 1494 654 1544 sedula
664 1495 764 1553 nuniz,

110 1571 220 1621 Nomine
235 1576 353 1633 mentito,
370 1590 439 1624 veros
449 1577 547 1640 exponit
556 1589 663 1623 amores:

109 1649 144 1698 Et
160 1649 247 1700 faciem
256 1650 344 1701 laudat.
358 1653 467 1713 Queritis
477 1656 575 1718 virginis
586 1655 668 1710 annin
826 1655 879 1702 440

108 1729 157 1777 Par
166 1763 175 1787 ‚
187 1732 230 1788 ait,
239 1729 272 1778 est
285 1731 481 1794 MyrrhaeQuam
490 1732 542 1796 post
551 1730 627 1796 qudrn
636 1726 754 1780 adducere
764 1722 823 1792 julla
833 1725 875 1782 eil,

109 1806 196 1872 thue
207 1805 307 1856 domurn
325 1807 396 1858 rediit
406 1843 414 1867 ‚
424 1808 507 1859 Gaude
518 1825 572 1858 rnea
581 1844 589 1864 ,
599 1807 660 1857 dixit
671 1841 679 1867 ,
691 1807 801 1856 alumnae

108 1885 222 1934 Vicimus
233 1885 239 1934 l
250 1885 334 1935 infelix
344 1903 396 1936 non
404 1901 458 1935 toto
469 1903 568 1952 corpore
579 1889 651 1934 sentit

110 1965 233 2014 Laetitiam
243 1968 312 2030 virgo
324 1983 332 2024 3
345 1967 494 2031 praesagaque
504 1967 599 2030 pedore
608 1976 714 2012 maerent.

109 2041 160 2094 Sed
179 2058 259 2093 tamen
271 2049 294 2094 δι
305 2043 407 2109 gaudet:
420 2058 486 2093 tanta
497 2043 529 2092 est
541 2038 659 2100 discordia
671 2039 771 2088 mentis!
829 2051 877 2098 445

146 2123 253 2188 Tempus
271 2139 340 2183 erat,
354 2141 404 2190 quo
415 2124 498 2171 cuneta
508 2121 579 2170 silent
589 2137 598 2179 3
609 2122 717 2184 interque
728 2117 829 2165 Triones
881 2176 883 2180 ι

94 2201 221 2254 ,flexerat
235 2201 336 2267 obliquo
347 2201 476 2265 plaustrum
489 2214 586 2261 temone
594 2197 698 2248 Bootes:

109 2277 152 2330 Ad
166 2278 257 2330 facinus
267 2281 334 2328 venit
343 2279 386 2327 illa
397 2280 473 2327 suum.
486 2278 556 2343 Fugit
565 2293 634 2326 aurea
644 2275 711 2324 coelo

110 2357 182 2406 Luna
192 2375 198 2405 z
208 2371 296 2422 'tegunt
307 2360 379 2423 nigrae
393 2357 510 2406 latitantia
522 2354 598 2406 sidera
615 2356 689 2403 nubea
700 2371 708 2413 3

112 2436 173 2486 Nox
188 2451 252 2484 caret
261 2438 315 2500 igne
327 2438 377 2485 suo.
388 2436 480 2484 Primos
492 2439 570 2500 tegis,
581 2435 645 2484 lcare
655 2468 665 2495 ,
674 2433 754 2485 vultur
767 2451 775 2493 3
828 2433 878 2478 450

112 2514 267 2580 Erigoneque
280 2519 320 2578 pio
331 2515 419 2563 sacrata
429 2518 532 2579 parentis
542 2529 631 2563 amore.
818 2517 820 2522 '

114 2594 165 2644 Ter
176 2591 243 2658 pedis
254 2591 339 2642 offensi
351 2597 418 2658 signo
430 2593 462 2641 est
474 2607 583 2642 reuocata
595 2611 601 2642 e
615 2605 650 2642 ter
660 2605 733 2640 omen

112 2673 234 2723 funereus
245 2672 309 2720 bubo
323 2671 389 2721 letali
400 2675 503 2721 carmine
516 2671 582 2721 fecit.

114 2751 139 2799 lt
148 2763 239 2800 ermen:
251 2753 275 2799 dt
284 2753 384 2799 tenebrae
395 2754 521 2804 minuunt,
532 2763 628 2812 noxque
638 2743 830 2810 atra‚pudorem.
919 2745 921 2748 ’

116 2829 272 2894 Nutricisque
289 2845 386 2877 manum
401 2828 554 2883 laevnrene13
571 2824 644 2873 altera
655 2838 723 2871 motu
833 2833 878 2880 455

116 2905 221 2956 Caecum
231 2909 274 2954 iter
291 2906 406 2970 explorat.
419 2904 530 2953 Thalami
538 2907 586 2968 jam
598 2902 681 2950 lirnina
690 2903 766 2964 tangit
775 2933 786 2962 ‚

116 2983 220 3051 Jamque
232 2983 294 3034 iores
305 2986 397 3050 aperit,
406 2985 456 3050 jam
467 2979 561 3032 ducitur
572 2984 635 3032 intus
647 2998 653 3028 t
666 2993 689 3030 at
700 2979 739 3028 illi
