2036 3714
228 303 295 348 212
371 277 415 348 P.
435 265 803 356 OvlnrrNAsonre

225 403 287 450 Ante
305 415 355 451 erat
369 403 487 468 ambiguis
498 406 572 452 animi
584 404 699 452 sententia
709 399 778 452 diuis

225 477 391 529 Praetentanda
408 479 477 530 mihi.
489 481 527 530 Ne
535 497 584 530 non
595 484 729 547 sequeretur
740 495 855 542 euntem,

224 557 293 607 Parte
310 558 391 624 aliqud
404 559 452 609 veli
464 595 471 619 ,
484 559 559 626 qualis
573 559 636 608 foret
646 575 716 619 aura,
729 575 815 608 notare

181 633 364 696 590Debuetam
377 653 384 694 ;
397 652 497 702 tutoque
512 639 572 686 mari
582 635 722 686 decurreret
736 653 789 703 que
801 653 869 687 nunc

225 711 282 760 Non
294 713 420 778 exploratis
431 714 530 779 implevi
544 715 618 764 lintea
627 720 715 766 ventis.

224 789 326 838 Auferor
338 793 364 839 in
381 791 491 856 scopulos
502 793 590 856 igitur,
603 793 770 859 submersaque
782 809 836 842 roto

224 865 320 915 Obruor
332 867 446 916 Oceano:
459 885 536 934 neque
549 870 638 918 habent
648 887 701 920 mea
711 871 766 920 vela
779 875 898 920 recursus.

225 941 289 1001 Quid
301 949 309 994 i
328 943 394 1010 quod
406 949 430 994 bt
442 947 563 995 ominibus
575 951 644 996 certis
655 950 799 1013 prohibebar
810 953 890 999 amoti

178 1015 350 1088 595lndulgere
361 1037 416 1070 tneo
428 1057 436 1082 ,
449 1037 501 1072 tum
512 1023 568 1072 etim
579 1027 639 1074 mihi
652 1026 712 1075 ferre
729 1028 824 1091 jubenti

192 1095 194 1100 '
224 1095 337 1158 Excidit,
353 1102 378 1147 bt
395 1099 452 1149 fecit
464 1103 513 1165 spes
523 1103 613 1152 nostras
623 1119 676 1152 ceta
687 1103 788 1156 caducas
800 1109 810 1154 Ξ

223 1173 312 1223 Nonne
322 1176 360 1225 rel
372 1175 414 1225 illa
429 1175 479 1226 dies
494 1178 590 1238 suerat,
608 1180 646 1230 vel
658 1197 709 1230 tota
718 1182 846 1243 voluntas,

223 1249 269 1300 Sed
279 1252 359 1316 potitis
376 1253 492 1304 mutanda
502 1254 551 1305 dies
559 1252 572 1306 'i
588 1258 653 1307 Deus
664 1262 711 1324 ipse
723 1263 839 1310 monebat
851 1297 861 1322 ,

222 1329 341 1394 Signaque
357 1346 421 1381 certa
439 1331 524 1394 dabat,
540 1338 559 1382 si
569 1351 620 1384 non
629 1335 690 1386 ruald
706 1339 759 1387 sana
771 1337 880 1390 fuissem.

176 1405 255 1455 ctolit
271 1422 351 1456 tamen
361 1411 410 1474 ipsa
419 1410 503 1477 loqui,
516 1429 558 1462 nec
570 1431 608 1462 me
620 1419 772 1465 committere
784 1435 844 1466 cerae

223 1483 358 1534 Debueram
369 1523 378 1548 ,
391 1491 538 1556 praesensque
549 1509 615 1541 meos
625 1497 714 1556 aperire
725 1494 827 1543 furores.

223 1559 326 1612 Vidisset
337 1564 466 1626 lacrymas:
477 1567 557 1618 vultus
568 1567 664 1619 vidisset
675 1575 784 1620 amantis.

222 1637 293 1687 Plura
311 1641 378 1706 loqui
390 1657 498 1706 poteram
511 1681 518 1705 ‚
531 1645 605 1711 qualm
618 1664 670 1712 quae
681 1665 764 1714 cepere
779 1649 885 1701 tabellae.

222 1715 301 1767 lnvito
311 1723 380 1783 potui
391 1721 541 1771 circumdare
554 1725 650 1774 brachia
665 1727 730 1782 collo
742 1747 749 1776 e

175 1794 386 1863 ootAmplesiique
399 1797 470 1864 pedes
482 1819 488 1848 t
501 1801 622 1868 affusaqne
633 1806 727 1868 poscere
738 1810 832 1858 vitam:

221 1871 270 1933 Et,
289 1875 308 1922 sl
319 1878 440 1940 rejiceret,
455 1883 523 1944 potui
540 1885 657 1932 moritura
666 1884 750 1935 videri.

222 1951 312 2002 Omnia
329 1947 434 2004 seclllem
447 1991 455 2016 ‚
467 1973 571 2023 quurunt
581 1963 599 2008 si
610 1963 702 2028 singula
711 1962 795 2015 duram

221 2028 324 2080 Fleslere
343 2049 394 2082 non
406 2051 534 2098 poterant,
551 2039 683 2104 potuill'ent
694 2047 793 2104 omnia,
806 2061 926 2098 mentem.

221 2107 329 2160 Forsitan
351 2114 375 2160 δι
386 2115 452 2162 missi
470 2119 500 2163 sit
511 2116 621 2180 quaedam
634 2120 703 2186 culpa
714 2124 824 2173 ministri.

175 2185 280 2238 ⁶19Non
295 2185 355 2236 adiit
371 2189 453 2240 cauti:
463 2209 512 2241 non
523 2195 581 2259 legit
594 2195 711 2259 ideonea‚
724 2200 796 2252 credo
808 2238 818 2264 ,

221 2264 352 2328 Tempora:
362 2283 405 2316 nec
413 2273 482 2332 petiit
489 2275 622 2340 horamque
631 2280 785 2344 animumque
795 2298 935 2334 vacantem.

219 2340 276 2390 Haec
291 2359 393 2393 nocuere
404 2350 463 2396 mihi
473 2367 478 2395 ε
488 2363 565 2415 neque
576 2356 640 2402 enim
652 2353 681 2403 de
690 2357 776 2420 tigride
786 2375 873 2421 natus5

218 2416 270 2466 Nec
281 2419 367 2484 rigidas
379 2424 474 2486 silices,
489 2425 623 2480 solidumve
638 2435 663 2480 in
676 2437 769 2498 pedore
782 2437 894 2503 ferrum,

218 2493 266 2542 Aut
284 2495 428 2560 adamanta,
448 2507 510 2568 gerit
521 2523 527 2552 t
539 2523 582 2556 nec
594 2508 631 2557 lac
642 2511 703 2560 bibit
713 2513 761 2563 illae
773 2515 864 2569 leaenae.

100 2616 102 2620 .
172 2570 341 2630 ⁶¹5Vincetur.
360 2577 509 2642 Repetendus
526 2588 639 2636 eritrnec
657 2586 727 2640 'tedia
745 2599 820 2660 coepti

219 2647 276 2720 lllla
297 2655 344 2701 mel
356 2659 461 2720 capiam,
474 2657 532 2708 dum
549 2665 642 2728 spiritus
654 2667 696 2717 ilie
711 2675 829 2724 manebit.

219 2724 282 2776 Nam
297 2734 418 2793 primum,
435 2737 514 2786 sisara
530 2743 707 2795 mihirevocare
719 2748 819 2811 liceret,

219 2803 275 2854 Non
293 2808 389 2874 cupisse
400 2813 461 2863 luit:
474 2831 552 2882 toepta
564 2835 696 2886 expugnate
707 2826 840 2880 secuudum
854 2835 896 2884 est.

218 2881 311 2948 Quippe
321 2903 365 2937 nec
376 2890 418 2939 ille
429 2895 521 2958 potest,
535 2913 562 2946 ut
573 2901 622 2963 jam
631 2917 686 2951 met
697 2919 755 2953 vota
766 2909 921 2978 relinquam,

170 2959 275 3012 station
287 2977 366 3018 tamen
377 2971 487 3022 ausorum
503 2975 594 3042 semper
609 2995 703 3032 mentor
713 2980 760 3034 effe
776 3001 900 3044 meorum.
