2078 3708
115 244 551 360 Memnonia-ossan
581 285 711 355 LIV.
745 289 794 372 89

67 413 170 464 Sustinet
179 417 215 463 ire
226 413 289 462 illuc
302 448 310 473 ,
328 411 417 462 coeleili
430 407 593 468 redemitus,

67 491 175 542 Tantum
186 491 253 542 odiis
263 495 353 557 iraeque
364 488 451 539 dabat!
463 490 573 537 Saturnia
582 487 654 536 luno.

67 569 122 630 Quis
133 569 207 620 simul
217 573 338 629 intravit,
351 571 464 633 sacroque
474 584 487 616 a
500 583 600 631 corpore
610 561 712 630 prelium

65 645 186 710 Ingemuit
197 647 278 697 lirnen
288 665 297 708 3
313 649 358 697 tria
369 645 487 697 Cerberus
498 645 584 693 extulit
593 660 652 704 ora,

65 723 95 772 Et
105 739 151 774 tres
161 724 267 776 latratus
279 726 351 775 simul
364 722 448 774 edidit.
460 723 505 773 Illa
515 725 612 773 Sorores
790 733 838 780 450

65 802 139 852 Nobe
151 819 228 854 vocat
240 807 354 869 genitas,
366 819 436 868 grave
448 805 472 851 δι
484 799 636 866 implacabile
645 815 743 850 numen.

65 878 172 930 Carceris
184 897 243 931 ante
255 881 322 931 fores
333 881 423 930 clausas
434 877 560 929 adamante
571 877 683 930 sedebant
694 897 701 938 3

65 957 148 1023 Deque
161 961 210 1008 suis
221 975 292 1011 atros
304 960 429 1025 periebant
439 959 542 1008 crinibus
552 973 648 1024 angues.

64 1035 141 1096 Quam
155 1037 232 1087 simul
244 1051 370 1104 agnorunt
381 1039 442 1085 inter
449 1035 558 1101 caliginis
569 1037 682 1091 umbras,

65 1115 186 1165 Surrexere
197 1115 269 1165 Deae.
283 1113 354 1165 Sedes
365 1115 482 1164 Scelerata
490 1127 590 1163 vocatur
602 1131 608 1160 r
790 1116 834 1163 455

64 1191 158 1242 Viscera
168 1195 299 1260 praebebat
309 1193 397 1256 Tityos
410 1188 541 1246 lanianda,
557 1205 693 1256 novemque
722 1229 727 1242 .

62 1268 185 1334 Jugeribus
198 1269 321 1322 distentus
335 1285 385 1320 erat
397 1289 403 1319 t
415 1270 477 1329 tibi,
494 1269 615 1328 Tantale‚
632 1269 705 1320 nulla
748 1283 751 1292 '

63 1346 255 1412 Deprenduntut
264 1365 351 1416 aquae3
363 1363 463 1415 quaque
474 1349 604 1406 imminet,
616 1345 701 1412 effugit
712 1349 790 1399 arbos.

63 1426 110 1474 hut
119 1430 181 1490 petis
193 1463 202 1488 ,
218 1445 263 1478 aut
275 1443 343 1493 urges
355 1431 473 1476 ruiturum
485 1462 492 1486 ‚
509 1427 624 1490 Sisyphe,
640 1427 731 1488 saxum.

62 1501 175 1555 Volvitur
185 1508 276 1562 Ixion,
294 1511 318 1556 bc
332 1509 355 1556 se
366 1509 519 1572 sequiturque
530 1504 651 1570 fugitque.
791 1512 840 1563 460

64 1581 196 1652 Malitique
207 1587 257 1636 suis
268 1585 343 1635 letum
356 1585 501 1651 patruelibus
512 1586 589 1642 ausa,

64 1658 167 1712 Assiduae
178 1679 314 1730 repetunt,
330 1681 387 1731 quas
399 1662 516 1729 perdant,
533 1660 627 1720 Belides
639 1661 723 1712 undas.

66 1737 129 1798 Quos
139 1759 229 1792 omnes
240 1747 291 1792 acie
302 1743 353 1808 post
364 1741 438 1808 quim
451 1743 559 1790 Saturnia
573 1739 643 1790 torvi
672 1771 675 1776 ·

66 1817 131 1868 Vidit
142 1854 151 1880 ,
170 1825 197 1869 bc
210 1837 267 1870 ante
278 1837 360 1869 ornnes
372 1821 454 1869 lxiona
467 1837 475 1878 ¹,
492 1821 569 1868 rursus
581 1820 610 1868 ab
620 1819 664 1870 illo

66 1897 182 1962 Sisyphon
193 1902 326 1964 aspiciens,
339 1897 390 1949 Cur
403 1899 441 1948 hic
457 1917 470 1946 e
486 1898 613 1957 iratribus,
626 1901 721 1963 inquit,
789 1904 821 1956 46
826 1908 835 1958 5

67 1974 193 2041 Perpetuas
205 1980 298 2042 patitur
309 1992 391 2042 pernas
402 1982 411 2028 ?
424 1977 569 2024 Athamanta
579 1976 705 2038 superbum

67 2053 139 2119 Regia
150 2054 220 2105 dives
232 2057 306 2104 habet
318 2090 325 2114 ‚
339 2057 381 2121 qui
396 2071 503 2103 mecum
521 2056 622 2118 conjuge
639 2053 728 2117 semper

68 2133 175 2196 sprevit!
195 2139 220 2184 bt
233 2137 332 2199 exponit
342 2135 422 2182 causas
433 2131 533 2198 odiique
543 2135 634 2197 viaque
644 2148 651 2189 3

67 2209 178 2278 Quidque
188 2214 259 2262 velit.
273 2210 347 2272 Quod
356 2211 446 2270 vellet,
463 2225 530 2270 erat,
545 2227 574 2258 ne
589 2213 653 2274 regia
664 2206 752 2257 Cadmi

69 2288 159 2349 Staret3
180 2295 206 2340 bc
217 2295 244 2339 in
255 2288 347 2338 facinus
358 2291 476 2338 traherent
485 2289 629 2338 Athamanta
638 2289 743 2338 Sorores.
784 2306 833 2350 470

68 2365 196 2430 Imperium
207 2403 215 2428 ‚
232 2364 361 2433 promissa,
379 2383 457 2432 preces
468 2365 598 2415 confundit
607 2369 631 2413 in
642 2379 734 2423 unum3

68 2443 225 2512 Solicitatque
235 2445 306 2494 Deas.
318 2447 355 2494 Sic
369 2447 419 2494 haec
434 2443 526 2493 Iunone
538 2443 619 2493 locuti
631 2477 639 2501 ‚

69 2521 198 2587 Tisiphone
213 2541 304 2582 canos,
319 2539 345 2572 ut
357 2537 408 2572 erat
422 2519 533 2581 turbata,
550 2521 651 2586 capillos

70 2599 165 2652 Movit:
178 2607 204 2652 bt
222 2602 339 2651 obstantes
354 2604 435 2666 rejecit
447 2602 477 2649 ab
493 2613 534 2650 ore
549 2600 667 2649 colubras.

71 2677 144 2744 Atque
155 2683 205 2740 ita,
223 2680 280 2728 Non
292 2680 368 2744 longis
379 2695 438 2744 opus
450 2679 482 2728 est
491 2680 648 2743 ambagibus,
664 2675 725 2728 iniit.
782 2686 827 2734 475

71 2754 135 2805 faba
144 2773 201 2822 puta
212 2793 220 2816 ‚
235 2773 391 2823 quacumque
402 2758 468 2822 jubes
479 2775 485 2805 r
496 2755 626 2806 inamabile
640 2771 738 2820 regnum

71 2832 153 2884 Delere
166 2854 172 2883 ι
188 2849 258 2902 teque
269 2835 330 2885 refer
342 2835 398 2885 coeli
413 2835 519 2884 melioris
533 2831 564 2884 ad
574 2849 651 2883 auras.

102 2992 163 3046 Lata
174 2994 234 3049 redit
248 2995 327 3046 luno:
339 3009 412 3066 quana
427 2993 516 3047 coelum
527 2997 614 3046 intrare
625 3007 748 3060 parantem
