2036 3714
94 297 522 372 Merauorurrosrou
543 303 581 372 L.
607 299 670 372 ix.
699 323 765 390 217

47 420 176 488 Quodque
182 439 237 488 ego,
247 423 301 473 vult
309 423 537 489 genitoqrulripsa,
544 426 655 490 socerque
663 425 767 474 futurutt

49 501 86 550 At
96 493 147 550 nou
163 501 216 554 vult
228 501 317 552 Natura
327 531 335 562 ,
347 505 469 567 potentior
478 495 591 552 omnibus
601 503 648 551 istis
657 537 665 562 ,

51 579 116 639 Qua
127 569 190 628 'mihi
201 579 251 628 sola
259 589 340 629 nocet.
359 581 431 630 Venit
441 597 496 629 ecce
509 579 616 644 optabile
627 589 738 645 tempus,
844 615 849 624 .

51 656 155 723 Ltrxque
164 655 250 722 jugalis
261 655 325 706 adest
336 692 344 717 ,
356 672 383 706 ut
393 662 442 723 jam
452 675 507 709 mea
516 656 558 712 fiat
575 659 675 717 lauthet
713 667 715 672 '

52 734 108 783 Nee
125 739 186 784 mihi
202 738 327 800 continget
339 755 346 786 ε
357 730 443 786 mediis
457 739 563 786 sitiemus
577 739 602 784 in
617 727 695 785 undis.
773 741 822 792 76·

52 813 169 863 Pronuba
178 811 237 879 quid
246 814 326 872 iutro,
338 811 398 879 quid
408 811 439 864 ad
450 817 499 863 hac
511 847 519 874 ,
532 814 676 876 Hymenaee,
687 814 773 863 venitis
853 863 855 868 ,

53 893 148 941 Sacra?
163 891 250 957 quibus
256 894 298 957 qui
310 889 450 944 ducatabest
459 926 468 950 ,
477 893 518 940 ubi
528 893 641 940 nubimus
653 893 739 940 amba.

87 969 179 1018 Pressit
190 970 219 1018 ab
236 972 273 1018 his
286 973 385 1019 vocem:
399 985 443 1018 uec
454 969 529 1019 lenitis
539 970 613 1019 altera
624 973 692 1036 virgo

52 1045 151 1098 Miuat
161 1066 168 1096 t
180 1060 253 1113 utque
264 1046 327 1096 eeler
337 1049 430 1106 venias,
450 1047 579 1110 Hymenaee
595 1059 729 1112 ,precatum
771 1059 824 1106 764
879 1033 885 1046 ’

53 1122 130 1184 Quod
137 1128 200 1190 petit
211 1129 271 1188 haec,
279 1125 406 1173 Telethusa
414 1129 511 1186 timeus,
524 1123 599 1174 modo
611 1139 719 1190 tempora
730 1123 820 1174 differte

55 1201 149 1261 Nunc,
171 1201 226 1251 fluo
238 1203 369 1268 languore,
381 1217 475 1252 motam
486 1206 567 1252 trahit.
581 1203 670 1252 Omnia
681 1203 759 1268 sape,

56 1279 163 1346 Visaque
178 1281 296 1329 causatur.
308 1279 355 1330 Sed
367 1284 417 1346 jam
428 1283 590 1330 consumserat
599 1295 699 1330 ornnem

56 1355 190 1406 Materiam
200 1356 249 1406 fieti
260 1377 266 1406 z
284 1357 406 1424 dilataque
417 1374 525 1424 tempora
537 1357 604 1409 tede

57 1433 215 1495 institerant,
233 1453 339 1502 uuusque
353 1435 404 1486 dies
421 1439 522 1488 restabat
533 1458 539 1488 r
550 1454 576 1488 ot
585 1438 629 1490 illa

36 1511 187 1562 ·Crinalem
199 1516 271 1578 capiti
281 1509 367 1564 vittam
377 1518 585 1583 nataquesibique
780 1525 827 1579 7⁷0

58 1589 192 1640 Detrahit:
205 1596 246 1651 δι,
262 1594 332 1656 partit
343 1609 407 1643 aram
418 1593 661 1660 complexacapillie,

60 1667 108 1732 lsi,
130 1671 292 1720 Paraetonium
303 1704 311 1730 ,
327 1671 506 1738 Mareoticaque
517 1689 586 1727 arva,
599 1673 740 1740 Pharonque
751 1701 760 1734 ,

6 1759 9 1790 t
61 1747 121 1808 Qua
132 1748 212 1803 colis,
229 1752 254 1798 δι
269 1750 358 1814 septem
369 1746 485 1814 digestum
500 1753 526 1798 in
541 1766 630 1799 cornua
641 1751 758 1806 Nilum„
779 1741 795 1790 .'

61 1825 122 1887 fet,
137 1842 241 1892 precor,
253 1829 345 1892 inquit,
355 1843 427 1892 opem
436 1828 578 1892 :nostroque
584 1825 679 1877 medere
687 1832 779 1879 timori.

8 1957 9 1960 ,
63 1904 119 1965 Te,
135 1905 209 1965 Dea,
230 1919 253 1955 te
264 1903 402 1971 quondam,
418 1919 504 1970 tuaque
513 1907 671 1970 haeciorigola
680 1901 748 1955 vidie
782 1909 827 1963 '775
870 1967 874 1975 Ι

64 1980 207 2050 C'unstaque
219 1987 338 2049 cognovi,
346 1986 504 2047 comitesque,
513 1981 639 2047 facesque,
651 1985 783 2050 sonumque

63 2061 192 2111 sistrorum
204 2079 210 2109 ε
221 2064 371 2126 memorique
379 2063 462 2109 auimo
472 2073 513 2108 tua
520 2055 687 2126 juffanotavi„

64 2139 136 2200 Quod
157 2138 224 2190 videt
241 2143 292 2190 hac
303 2140 397 2200 lucem,
414 2136 482 2204 quod
490 2153 540 2188 nott
556 2155 601 2203 ego
613 2141 699 2203 punior
712 2140 777 2204 ipsa,
813 2175 828 2190 .

64 2218 205 2268 Consilium
215 2220 383 2284 monitumque
394 2231 463 2266 tuum
471 2216 504 2264 est
513 2233 520 2264 t
530 2217 638 2264 miserete
646 2215 745 2266 duarum
755 2251 764 2277 ‚

65 2299 211 2364 Auxilioque
224 2301 288 2360 juva.
306 2296 429 2357 Laerymae
446 2295 500 2344 sunt
510 2295 581 2344 verba
591 2297 685 2344 secutae»
784 2293 831 2353 7⁸·

67 2374 123 2426 Visa
140 2375 197 2425 Dea
206 2375 240 2426 est
250 2371 350 2424 moviffe
360 2375 426 2429 suas,
444 2377 468 2422 ἃ(
480 2389 606 2431 moverat,
625 2390 684 2423 aras.

69 2452 99 2502 Et
116 2453 205 2518 templi
217 2468 333 2502 tremuere
350 2452 413 2501 foret
423 2483 431 2512 ,
443 2455 582 2518 imitataque
594 2453 687 2501 Lunam

70 2530 170 2582 Cornua
190 2531 322 2589 fulseruut;
333 2534 471 2596 crepuitque
481 2531 587 2580 sonabile
601 2525 703 2582 sistruml

70 2608 127 2658 Non
143 2611 227 2658 secura
240 2605 358 2673 quidem,
374 2607 450 2656 fausto
462 2622 540 2656 tarueu
552 2610 634 2656 omine
647 2607 718 2668 lata,

57 2687 150 2737 vMutet
167 2689 218 2736 abit
233 2687 332 2750 templo.
345 2685 455 2752 Sequitur
466 2701 546 2734 tornet
556 2686 619 2750 lphis
629 2697 742 2746 euntem,
786 2685 831 2749 785
928 2682 935 2696 ”

19 2749 20 2766 ’
72 2764 153 2824 Qulm
172 2764 304 2822 tolieret,
321 2768 410 2829 majore
421 2760 510 2828 gradu:
519 2777 562 2811 nee
573 2759 662 2810 candor
673 2764 699 2811 in
711 2775 753 2812 ore

20 2847 23 2906 l
73 2842 220 2902 Permanet,
237 2847 262 2892 δι
272 2845 333 2892 vitet
347 2857 477 2906 augentur.
493 2844 518 2889 it
533 2843 610 2889 acrior
620 2841 669 2904 ipse
682 2839 714 2889 eli

21 2927 22 2935 ¹
74 2919 209 2970 vulture&
223 2917 670 2982 incomrisbreviotmensutacapillit.
697 2953 699 2958 -

73 2997 176 3064 Plusque
185 3000 275 3063 vigoris
285 2995 365 3058 adest,
376 2996 539 3062 habuitquim
551 2994 647 3045 seminar
658 2995 710 3044 latu
718 3023 726 3058 ‚
734 3013 786 3063 qua

109 3079 180 3126 Turn.
199 3077 215 3124 Ι
220 3077 242 3124 I.
302 3125 307 3134 ,
661 3073 681 3122 l(
