2036 3714
141 233 572 300 Mnrnnonraosnon
591 231 706 300 LX.
740 253 782 324 23
791 253 805 322 5

87 351 130 402 Sic
144 354 194 402 ait:
207 368 235 402 ac
245 349 330 401 mediis
342 353 459 402 interserit
473 352 556 402 oscula
566 353 654 404 verbis.

121 497 235 547 forsitan
251 495 352 546 audieris
363 495 467 564 aliquam
479 500 608 547 certamine
617 497 696 548 curnis
813 508 861 564 560

82 575 194 625 Veloces
206 573 321 642 superaffe
331 579 403 626 viros.
414 576 472 625 Non
484 575 564 626 fabula
575 593 658 625 rumor

81 654 135 705 llle
148 653 196 703 fuit
209 672 215 704 e
229 655 352 718 superabat
362 657 445 702 enim:
460 670 504 702 nec
512 651 590 704 dicere
601 650 697 718 polles,

81 731 173 782 laude
185 731 274 798 pedum
286 767 294 792 ‚
307 732 423 794 formaene
435 733 500 782 bono
511 732 657 797 prestantior
668 728 734 782 effer.

79 813 193 860 Scitanti
201 811 265 860 Deus
278 813 333 860 huic
341 809 371 860 de
382 816 500 878 conjuge5
515 810 627 876 Coniuge
638 845 647 871 ,
663 809 724 860 dixit
735 845 743 868 ‚

78 889 132 939 Nil
144 905 206 955 opus
218 891 269 949 eil,
285 879 396 939 Atalann'
404 923 412 949 ‚
432 889 474 940 tibi
482 924 490 949 ,
508 889 563 954 fuge
576 891 685 954 conjugis
696 889 773 938 usum.
811 905 854 958 5⁶5

77 967 140 1016 Nec
153 983 235 1042 tamen
246 966 359 1034 effugies,
371 983 440 1034 teque
449 967 501 1036 lP⁵³l
511 971 565 1042 viva
576 970 675 1017 carebis.

77 1045 185 1096 Territa
195 1049 257 1096 sorte
268 1047 314 1095 Dei
325 1064 366 1112 per
375 1061 461 1114 opacas
469 1048 559 1096 innuba
570 1045 640 1096 silvas

76 1123 173 1184 Vivit,
186 1129 211 1174 &
221 1126 346 1175 instantem
358 1127 453 1174 turbam
464 1125 569 1176 violenta
577 1139 707 1189 procorum

78 1203 239 1254 Condicione
252 1205 334 1269 lugat:
345 1204 396 1253 Neo
404 1206 457 1252 ium
468 1201 601 1268 potiunda,
613 1204 673 1260 nisi,
682 1203 781 1276 inquit,

77 1282 157 1330 vina
168 1281 232 1347 prilla
242 1284 311 1331 cursu
323 1301 330 1330 r
342 1279 441 1348 pedibus
453 1278 590 1332 contendite
598 1296 704 1328 mecum.
806 1297 855 1347 570

78 1359 189 1410 Praemia
201 1360 279 1410 veloci
291 1366 379 1425 conjux
390 1351 536 1426 thalamique
547 1357 685 1426 dabuntur,

78 1436 156 1487 Mors
173 1442 276 1503 pretium
289 1436 370 1488 tardis.
384 1439 418 1488 Ea
430 1438 467 1488 lex
478 1439 613 1487 certaminis
626 1435 684 1484 ello.

77 1513 130 1563 llla
141 1515 240 1579 quidem
250 1519 350 1566 immitis
362 1535 368 1564 ε
381 1515 421 1565 sed
431 1551 439 1576 ,
451 1531 516 1566 tanta
527 1513 726 1580 porentiaformae
738 1511 785 1561 est!

77 1591 161 1656 Venit
177 1591 209 1660 ad
218 1597 278 1644 hanc
295 1595 372 1660 legem
385 1599 508 1644 temeraria
520 1595 734 1658 turbaprocorum.

77 1667 183 1720 Sederat
201 1671 360 1737 Hippomenes
370 1661 450 1724 curnis
465 1675 579 1738 speciator
593 1673 685 1737 iniquit
805 1695 847 1741 575

76 1746 132 1807 Et,
147 1749 238 1799 Petitur
250 1753 408 1818 cuiquamper
420 1766 485 1800 tanta
496 1750 599 1814 pericula
607 1753 694 1813 conjux
704 1749 713 1800 l

77 1821 199 1876 Dixernt‘:
211 1845 237 1878 ac
248 1832 335 1880 nimios
343 1833 457 1893 juvenum
470 1826 593 1878 damnirar
603 1843 704 1876 amores.
774 1825 776 1834 ’

76 1902 118 1951 Ut
138 1903 243 1966 faciem,
258 1911 281 1956 &
297 1909 378 1972 posito
390 1921 475 1970 corpus
485 1905 603 1954 velamine
614 1902 676 1954 vidit
688 1939 697 1964 ‚

78 1979 162 2040 Quale
175 1999 278 2045 mcum,
293 1984 332 2036 vel
347 1984 417 2050 quale
431 1998 517 2044 tuum,
535 1987 555 2032 ti
570 1982 659 2032 femina
676 1981 735 2042 fias;

76 2049 228 2125 Obstupuit:
242 2062 376 2128 tollensque
389 2078 491 2121 manus,
511 2062 643 2126 lgnoscite,
661 2058 735 2120 dixit,
803 2066 851 2132 58o

76 2134 150 2196 Quos
164 2133 240 2187 modo
252 2139 347 2204 culpavi
359 2155 365 2188 e
378 2139 487 2190 nondum
499 2143 559 2190 mihi
576 2142 757 2206 praemittente,

76 2213 140 2276 Quae
151 2219 262 2282 peteretis
273 2233 365 2276 ‚erann
374 2215 505 2268 Laudando
516 2223 622 2284 concipit
635 2223 733 2284 ignem5
773 2255 775 2262 ,

75 2290 110 2341 Et
122 2327 130 2352 ‚
144 2308 174 2340 ne
186 2297 239 2368 quis
254 2299 368 2359 juvenum
377 2311 455 2347 currat
463 2297 583 2359 velocius,
595 2314 663 2366 optat
670 2317 679 2360 3

75 2369 220 2444 Invidiaique
233 2375 311 2428 timet.
323 2371 369 2426 Sed
381 2391 422 2424 cur
433 2379 567 2432 cprtaminis
582 2379 651 2442 hujus

75 2448 199 2522 lnteprtata
211 2453 271 2499 mihi
281 2450 377 2500 fortuna
389 2453 531 2518 relinquitur
542 2457 551 2502 i
562 2457 650 2521 inquit.
800 2463 842 2528 (ῆς

76 2523 202 2578 Audentes
213 2527 278 2576 Deus
293 2529 341 2593 ipse
353 2532 428 2594 jurat.
437 2531 503 2580 Dum
518 2532 576 2582 talia
586 2534 666 2583 secum
750 2541 759 2549 “

75 2603 160 2669 Erigit
170 2605 347 2671 Hippomenes,
358 2605 423 2671 palsu
434 2609 501 2660 volat
511 2610 567 2664 alite
577 2614 655 2676 virgo.

76 2682 139 2742 Quat
149 2699 297 2750 quamquam
307 2685 418 2746 Scythici
427 2703 477 2740 non
488 2691 562 2746 secius
571 2693 604 2743 ire
615 2689 700 2756 sagittl

77 2760 159 2810 Aonio
168 2762 217 2812 visa
230 2761 263 2810 est
271 2765 351 2825 juveni
361 2797 369 2817 .
383 2779 462 2822 tamen
473 2766 514 2816 ille
524 2765 637 2816 decorem

75 2837 182 2894 Miratur
192 2841 281 2903 magis:
293 2844 316 2888 δι
328 2843 407 2890 cursus
419 2841 476 2894 facit
486 2845 535 2906 ipse
547 2841 660 2902 decorem
795 2872 842 2926 599

76 2914 144 2976 nura
163 2914 387 2978 refertablatatitis
398 2919 480 2980 talaria
492 2920 596 2996 planura
