2056 3706
161 221 589 288 Mernuonnnossou
614 211 651 280 L
678 213 708 280 Ι.
788 233 801 300 5

90 339 157 390 Cura
168 341 234 399 Deia
253 337 399 405 totidemque
411 335 487 402 plaga
499 334 584 384 tellure
596 347 744 398 premuntur.

92 419 200 477 Quarum
213 435 264 484 quae
274 416 353 466 media
364 417 411 474 est,
424 431 474 464 non
485 413 518 462 est
529 411 667 462 habitabilis
680 411 749 460 astu:

92 496 141 545 Nix
162 501 218 560 tegit
231 497 278 545 alta
289 494 362 545 duas:
375 492 477 542 totidem
489 495 551 540 inter
563 505 688 556 utramque
701 489 807 550 locavit;
828 497 858 548 5⁰

94 575 288 640 Temperiemque
299 572 384 632 dedit,
398 571 475 620 mistis
485 587 540 619 cum
553 569 642 633 frigore
653 565 760 616 flammai.
885 559 887 566 ’

92 652 202 702 Imminet
214 655 250 701 his
262 659 301 702 adr
313 671 319 700 r
331 655 390 716 qui,
406 648 497 716 quanto
508 650 541 698 est
552 646 657 713 pondere
669 661 735 694 terrae

90 729 183 778 Pondus
197 748 263 797 aquae
275 731 350 779 levius
362 765 370 788 ‚
384 745 452 778 tanto
463 729 496 778 esi
508 729 632 777 onerosior
643 727 702 789 igni.

88 806 141 856 nnc
152 812 176 856 δι
188 808 302 868 nebulas,
313 808 366 856 illic
378 807 502 856 consistere
516 807 590 854 nubes

87 885 172 945 Jussit‚
192 892 214 936 δι
227 889 343 942 humanas
354 901 451 934 motura
461 889 567 934 tonitrua
578 897 681 942 mentes,
727 881 729 888 '
827 895 852 940 Η

87 961 119 1014 Et
133 982 188 1014 cum
200 965 342 1014 fulminibus
357 965 470 1014 facientes
486 963 577 1028 frigora
587 976 681 1010 ventos.

87 1041 130 1090 His
145 1060 240 1109 quoque
254 1060 304 1092 non
316 1046 405 1108 passim
419 1041 503 1091 mundi
516 1042 645 1090 fabricator
655 1035 794 1089 habendum

88 1120 148 1168 A'e'ra
162 1125 269 1183 permisit
282 1125 338 1170 :vix
348 1137 413 1168 nuuc
423 1120 544 1168 obsistitur
554 1119 619 1176 illis,

89 1195 155 1244 Cirm
174 1199 215 1244 sua
225 1201 326 1262 quisque
338 1211 420 1259 regant
433 1194 525 1244 diverso
537 1194 633 1244 flamina
645 1197 736 1252 trastu,

92 1273 157 1332 Quin
166 1273 256 1323 lanient
266 1272 404 1332 mundum3
418 1290 482 1324 tanta
491 1274 522 1324 est
533 1271 649 1324 discordia
660 1272 770 1322 fratrum.
823 1278 854 1317 ⁶0

89 1351 164 1398 Eurus
174 1349 204 1400 ad
216 1352 331 1400 Auroram
349 1351 525 1417 Nabathaeaque
536 1367 608 1416 regna
619 1349 729 1412 recessit,

87 1426 242 1494 Persidaque,
260 1433 284 1478 δι
295 1427 368 1478 radiis
378 1433 435 1495 Juga
445 1429 540 1480 subdita
551 1431 685 1478 matutinis.

84 1506 189 1570 Vesper,
208 1512 233 1556 δι
244 1506 348 1557 occiduo
360 1525 412 1574 quae
424 1508 495 1557 litora
505 1508 561 1557 Sole
573 1507 713 1572 tepescunt,

84 1584 194 1633 Proxima
209 1585 402 1650 suntZephyro:
417 1587 538 1648 Scythiam
548 1587 691 1650 Septemque
699 1586 802 1634 trionem

84 1660 193 1712 iiorriser
207 1666 293 1712 invasit
306 1664 407 1712 Boreas:
418 1667 536 1726 contraria
549 1661 620 1712 tellus
824 1673 853 1724 σς

83 1740 195 1788 Nubibus
204 1735 319 1800 assiduis,
332 1742 462 1808 pluvioque
475 1739 593 1790 madescit
604 1741 635 1788 ab
645 1739 738 1790 Austro.

82 1817 141 1868 Haec
156 1821 224 1882 super
237 1821 350 1882 imposuit
361 1818 498 1884 liquidum,
510 1823 535 1868 δι
547 1821 661 1883 gravitate
672 1835 803 1878 carentem,

81 1896 196 1956 AEthera‚
211 1900 397 1962 necquicquam
409 1911 506 1946 terrene
517 1896 583 1944 faecis
596 1897 735 1944 habentem.

81 1974 129 2024 Vix
140 1991 168 2024 ea
181 1975 299 2024 limitibus
316 1971 456 2039 dissepserat
470 1975 554 2022 omnia
570 1975 657 2028 certis3

81 2051 164 2112 cum,
176 2069 229 2118 quae
242 2049 317 2117 pressa
328 2051 369 2101 diu
381 2051 458 2100 massai
469 2051 559 2100 latuere
570 2051 612 2098 sub
623 2049 666 2100 illa
673 2084 683 2110 ‚
821 2075 855 2118 70

80 2128 163 2179 Sidera
174 2146 298 2194 coepetunt
309 2146 363 2180 toto
371 2127 525 2180 effervescere
536 2127 609 2180 coelo.
652 2183 660 2194 ι

81 2207 137 2256 Neu
153 2211 221 2272 regio
238 2207 301 2256 soret
312 2207 362 2257 ulla
379 2210 424 2256 suis
437 2209 597 2258 animantibus
608 2209 679 2270 orba,

79 2285 148 2336 Astra
160 2301 243 2334 tenent
251 2285 344 2334 coeleste
354 2285 448 2346 solum,
461 2286 594 2352 formaque
609 2286 732 2336 Deorum:

79 2360 211 2414 Cesserunt
221 2361 302 2412 nitidis
312 2363 446 2424 habitanda
457 2366 561 2430 piscibus
572 2362 656 2414 unda:

79 2441 156 2490 Terra
171 2441 231 2490 seras
242 2445 321 2506 cepit,
334 2442 441 2492 volucres
452 2443 570 2509 agitabilis
581 2448 628 2492 afr.
818 2454 848 2502 75

79 2522 185 2568 Sanctius
197 2521 234 2567 his
244 2519 332 2568 animal
342 2554 350 2578 ,
362 2523 495 2586 mentisque
507 2523 616 2588 capacius
628 2519 700 2580 alta,

78 2596 170 2645 Deerat
184 2595 262 2646 adbuc
273 2630 282 2656 ,
293 2601 318 2645 bt
329 2595 396 2662 quod
408 2597 527 2648 dominari
536 2601 562 2648 in
570 2610 647 2648 cetera
658 2595 748 2663 posset:

77 2673 156 2723 Natus
169 2675 245 2724 homo
255 2673 301 2722 est:
310 2677 358 2726 sive
372 2677 435 2726 hunc
443 2675 526 2727 divino
539 2680 627 2726 semine
635 2675 694 2726 fecit

77 2751 123 2801 llie
135 2752 217 2817 opifex
229 2768 308 2800 rerum
318 2786 326 2811 ‚
337 2751 421 2802 mundi
433 2755 539 2804 melioris
551 2758 621 2820 origo
633 2774 639 2804 t
698 2805 701 2814 ,
740 2808 742 2816 ,

77 2832 134 2880 Sive
149 2847 228 2880 recens
239 2829 324 2890 tellus,
341 2829 480 2898 sedud‘raque
490 2849 565 2896 nuper
575 2835 604 2882 ab
615 2833 665 2883 alto

77 2907 197 2970 AEthere,
215 2911 312 2976 cognati
323 2911 440 2962 retinebat
455 2913 545 2964 semina
559 2910 647 3036 ctesiA

661 3001 688 3053 up
