<?xml version="1.0" encoding="UTF-8"?>
<!DOCTYPE html PUBLIC "-//W3C//DTD XHTML 1.0 Transitional//EN"
    "http://www.w3.org/TR/xhtml1/DTD/xhtml1-transitional.dtd">
<html xmlns="http://www.w3.org/1999/xhtml" xml:lang="en" lang="en">
 <head>
  <title>
</title>
<meta http-equiv="Content-Type" content="text/html;charset=utf-8" />
  <meta name='ocr-system' content='tesseract 3.04.00' />
  <meta name='ocr-capabilities' content='ocr_page ocr_carea ocr_par ocr_line ocrx_word'/>
</head>
<body>
  <div class='ocr_page' id='page_1' title='image "./povidiinasoniso06ovidgoog_0132.png"; bbox 0 0 2078 3708; ppageno 0'>
   <div class='ocr_carea' id='block_1_1' title="bbox 157 269 825 364">
    <p class='ocr_par' dir='ltr' id='par_1_1' title="bbox 157 269 825 364">
     <span class='ocr_line' id='line_1_1' title="bbox 157 269 825 364; baseline -0.022 -15"><span class='ocrx_word' id='word_1_1' title='bbox 157 281 586 348; x_wconf 64' lang='lat' dir='ltr'>Mssruosmross-os</span> <span class='ocrx_word' id='word_1_2' title='bbox 609 269 647 364; x_wconf 82' lang='lat' dir='ltr'>L.</span> <span class='ocrx_word' id='word_1_3' title='bbox 670 269 737 340; x_wconf 71' lang='lat' dir='ltr'>VI.v</span> <span class='ocrx_word' id='word_1_4' title='bbox 762 285 825 356; x_wconf 78' lang='lat'>¹²5</span> 
     </span>
    </p>
   </div>
   <div class='ocr_carea' id='block_1_2' title="bbox 104 388 881 1161">
    <p class='ocr_par' dir='ltr' id='par_1_2' title="bbox 108 388 679 457">
     <span class='ocr_line' id='line_1_2' title="bbox 108 388 679 457; baseline -0.014 -8"><span class='ocrx_word' id='word_1_5' title='bbox 108 393 182 448; x_wconf 79' lang='lat' dir='ltr'>Dista</span> <span class='ocrx_word' id='word_1_6' title='bbox 193 399 260 449; x_wconf 78' lang='lat' dir='ltr'>foret·</span> <span class='ocrx_word' id='word_1_7' title='bbox 269 397 349 448; x_wconf 82' lang='lat' dir='ltr'>Niobe</span> <span class='ocrx_word' id='word_1_8' title='bbox 362 431 370 457; x_wconf 93' lang='lat'><strong><em>‚</em></strong></span> <span class='ocrx_word' id='word_1_9' title='bbox 385 398 404 444; x_wconf 88' lang='lat' dir='ltr'>si</span> <span class='ocrx_word' id='word_1_10' title='bbox 414 404 464 445; x_wconf 73' lang='lat' dir='ltr'>non</span> <span class='ocrx_word' id='word_1_11' title='bbox 475 395 519 444; x_wconf 83' lang='lat' dir='ltr'>sibi</span> <span class='ocrx_word' id='word_1_12' title='bbox 530 395 580 444; x_wconf 84' lang='lat' dir='ltr'>visa</span> <span class='ocrx_word' id='word_1_13' title='bbox 590 388 679 442; x_wconf 80' lang='lat' dir='ltr'>fursee</span> 
     </span>
    </p>

    <p class='ocr_par' dir='ltr' id='par_1_3' title="bbox 108 471 694 538">
     <span class='ocr_line' id='line_1_3' title="bbox 108 471 694 538; baseline -0.01 -12"><span class='ocrx_word' id='word_1_14' title='bbox 108 477 176 526; x_wconf 87' lang='lat' dir='ltr'>Nam</span> <span class='ocrx_word' id='word_1_15' title='bbox 188 480 238 528; x_wconf 91' lang='lat' dir='ltr'>sata</span> <span class='ocrx_word' id='word_1_16' title='bbox 249 474 359 535; x_wconf 70' lang='lat' dir='ltr'>Tiresia,</span> <span class='ocrx_word' id='word_1_17' title='bbox 374 476 469 524; x_wconf 87' lang='lat' dir='ltr'>venturi</span> <span class='ocrx_word' id='word_1_18' title='bbox 480 473 593 538; x_wconf 78' lang='lat' dir='ltr'>praescia,</span> <span class='ocrx_word' id='word_1_19' title='bbox 606 471 694 522; x_wconf 81' lang='lat' dir='ltr'>Manto</span> 
     </span>
    </p>

    <p class='ocr_par' dir='ltr' id='par_1_4' title="bbox 107 545 676 615">
     <span class='ocr_line' id='line_1_4' title="bbox 107 545 676 615; baseline -0.016 -8"><span class='ocrx_word' id='word_1_20' title='bbox 107 558 155 607; x_wconf 86' lang='lat' dir='ltr'>Per</span> <span class='ocrx_word' id='word_1_21' title='bbox 167 545 258 606; x_wconf 79' lang='lat' dir='ltr'>medias</span> <span class='ocrx_word' id='word_1_22' title='bbox 275 555 369 615; x_wconf 83' lang='lat' dir='ltr'>fuerat,</span> <span class='ocrx_word' id='word_1_23' title='bbox 385 552 468 604; x_wconf 89' lang='lat' dir='ltr'>divino</span> <span class='ocrx_word' id='word_1_24' title='bbox 482 553 578 602; x_wconf 68' lang='lat' dir='ltr'>concha</span> <span class='ocrx_word' id='word_1_25' title='bbox 588 562 676 610; x_wconf 77' lang='lat' dir='ltr'>motu,</span> 
     </span>
    </p>

    <p class='ocr_par' dir='ltr' id='par_1_5' title="bbox 106 628 700 695">
     <span class='ocr_line' id='line_1_5' title="bbox 106 628 700 695; baseline -0.012 -11"><span class='ocrx_word' id='word_1_26' title='bbox 106 636 249 687; x_wconf 77' lang='lat' dir='ltr'>Vaticinata</span> <span class='ocrx_word' id='word_1_27' title='bbox 260 637 309 684; x_wconf 79' lang='lat' dir='ltr'>vias</span> <span class='ocrx_word' id='word_1_28' title='bbox 321 652 328 682; x_wconf 76' lang='lat' dir='ltr'>e</span> <span class='ocrx_word' id='word_1_29' title='bbox 339 629 469 683; x_wconf 78' lang='lat' dir='ltr'>Ismenides</span> <span class='ocrx_word' id='word_1_30' title='bbox 480 665 488 689; x_wconf 92' lang='lat'>‚</span> <span class='ocrx_word' id='word_1_31' title='bbox 502 633 535 680; x_wconf 90' lang='lat' dir='ltr'>ite</span> <span class='ocrx_word' id='word_1_32' title='bbox 546 628 700 695; x_wconf 79' lang='lat' dir='ltr'>frequentet,</span> 
     </span>
    </p>

    <p class='ocr_par' dir='ltr' id='par_1_6' title="bbox 106 705 881 858">
     <span class='ocr_line' id='line_1_6' title="bbox 106 705 881 775; baseline -0.006 -12"><span class='ocrx_word' id='word_1_33' title='bbox 106 713 140 763; x_wconf 87' lang='lat' dir='ltr'>Et</span> <span class='ocrx_word' id='word_1_34' title='bbox 152 713 208 763; x_wconf 88' lang='lat' dir='ltr'>date</span> <span class='ocrx_word' id='word_1_35' title='bbox 219 714 335 772; x_wconf 86' lang='lat' dir='ltr'>Latonae,</span> <span class='ocrx_word' id='word_1_36' title='bbox 352 711 554 775; x_wconf 79' lang='lat' dir='ltr'>Latonigenisque</span> <span class='ocrx_word' id='word_1_37' title='bbox 569 705 683 766; x_wconf 87' lang='lat' dir='ltr'>duobus,</span> <span class='ocrx_word' id='word_1_38' title='bbox 835 721 881 759; x_wconf 78' lang='lat' dir='ltr'>rso</span> 
     </span>
     <span class='ocr_line' id='line_1_7' title="bbox 106 787 764 858; baseline -0.014 -16"><span class='ocrx_word' id='word_1_39' title='bbox 106 791 176 842; x_wconf 92' lang='lat' dir='ltr'>Cum</span> <span class='ocrx_word' id='word_1_40' title='bbox 186 805 255 858; x_wconf 81' lang='lat' dir='ltr'>prece</span> <span class='ocrx_word' id='word_1_41' title='bbox 268 806 321 840; x_wconf 80' lang='lat' dir='ltr'>tura</span> <span class='ocrx_word' id='word_1_42' title='bbox 331 788 371 855; x_wconf 77' lang='lat' dir='ltr'>pia</span> <span class='ocrx_word' id='word_1_43' title='bbox 384 806 392 847; x_wconf 80' lang='lat' dir='ltr'>i</span> <span class='ocrx_word' id='word_1_44' title='bbox 404 789 518 854; x_wconf 87' lang='lat' dir='ltr'>lauroque</span> <span class='ocrx_word' id='word_1_45' title='bbox 529 787 641 836; x_wconf 71' lang='lat' dir='ltr'>iunetiite</span> <span class='ocrx_word' id='word_1_46' title='bbox 654 787 744 834; x_wconf 85' lang='lat' dir='ltr'>crinem</span> <span class='ocrx_word' id='word_1_47' title='bbox 755 797 764 832; x_wconf 78' lang='lat' dir='ltr'>t</span> 
     </span>
    </p>

    <p class='ocr_par' dir='ltr' id='par_1_7' title="bbox 106 867 680 931">
     <span class='ocr_line' id='line_1_8' title="bbox 106 867 680 931; baseline -0.012 -12"><span class='ocrx_word' id='word_1_48' title='bbox 106 871 160 919; x_wconf 86' lang='lat' dir='ltr'>Ore</span> <span class='ocrx_word' id='word_1_49' title='bbox 170 887 227 918; x_wconf 86' lang='lat' dir='ltr'>meo</span> <span class='ocrx_word' id='word_1_50' title='bbox 241 869 421 931; x_wconf 70' lang='lat' dir='ltr'>Latoua&#39;iubeta</span> <span class='ocrx_word' id='word_1_51' title='bbox 433 867 529 915; x_wconf 84' lang='lat' dir='ltr'>Paretur</span> <span class='ocrx_word' id='word_1_52' title='bbox 539 892 549 925; x_wconf 66' lang='lat'>5</span> <span class='ocrx_word' id='word_1_53' title='bbox 559 868 584 914; x_wconf 74' lang='lat' dir='ltr'>be</span> <span class='ocrx_word' id='word_1_54' title='bbox 596 879 680 912; x_wconf 86' lang='lat' dir='ltr'>omnes</span> 
     </span>
    </p>

    <p class='ocr_par' dir='ltr' id='par_1_8' title="bbox 107 940 751 1011">
     <span class='ocr_line' id='line_1_9' title="bbox 107 940 751 1011; baseline -0.012 -14"><span class='ocrx_word' id='word_1_55' title='bbox 107 945 246 998; x_wconf 78' lang='lat' dir='ltr'>Thebaides</span> <span class='ocrx_word' id='word_1_56' title='bbox 256 949 323 1011; x_wconf 79' lang='lat' dir='ltr'>jussis</span> <span class='ocrx_word' id='word_1_57' title='bbox 333 946 373 994; x_wconf 88' lang='lat' dir='ltr'>sua</span> <span class='ocrx_word' id='word_1_58' title='bbox 386 955 494 1009; x_wconf 86' lang='lat' dir='ltr'>tempora</span> <span class='ocrx_word' id='word_1_59' title='bbox 505 940 630 992; x_wconf 78' lang='lat' dir='ltr'>frondibus</span> <span class='ocrx_word' id='word_1_60' title='bbox 643 944 735 992; x_wconf 70' lang='lat' dir='ltr'>ornant</span> <span class='ocrx_word' id='word_1_61' title='bbox 743 959 751 998; x_wconf 71' lang='grc' dir='ltr'><strong>ς</strong></span> 
     </span>
    </p>

    <p class='ocr_par' dir='ltr' id='par_1_9' title="bbox 104 1017 875 1161">
     <span class='ocr_line' id='line_1_10' title="bbox 107 1017 799 1091; baseline -0.013 -16"><span class='ocrx_word' id='word_1_62' title='bbox 107 1027 221 1091; x_wconf 86' lang='lat' dir='ltr'>Turaque</span> <span class='ocrx_word' id='word_1_63' title='bbox 233 1023 291 1074; x_wconf 84' lang='lat' dir='ltr'>dant</span> <span class='ocrx_word' id='word_1_64' title='bbox 301 1021 401 1082; x_wconf 75' lang='lat' dir='ltr'>ianuis,</span> <span class='ocrx_word' id='word_1_65' title='bbox 418 1026 442 1071; x_wconf 75' lang='lat' dir='ltr'>be</span> <span class='ocrx_word' id='word_1_66' title='bbox 452 1022 526 1073; x_wconf 82' lang='lat' dir='ltr'>verba</span> <span class='ocrx_word' id='word_1_67' title='bbox 533 1023 653 1086; x_wconf 79' lang='lat' dir='ltr'>precantia</span> <span class='ocrx_word' id='word_1_68' title='bbox 665 1055 673 1080; x_wconf 91' lang='lat'><strong><em>,</em></strong></span> <span class='ocrx_word' id='word_1_69' title='bbox 685 1017 799 1068; x_wconf 82' lang='lat' dir='ltr'>flammir.</span> 
     </span>
     <span class='ocr_line' id='line_1_11' title="bbox 104 1097 875 1161; baseline -0.009 -9"><span class='ocrx_word' id='word_1_70' title='bbox 104 1101 172 1153; x_wconf 82' lang='lat' dir='ltr'>Ecce</span> <span class='ocrx_word' id='word_1_71' title='bbox 181 1105 246 1152; x_wconf 84' lang='lat' dir='ltr'>venit</span> <span class='ocrx_word' id='word_1_72' title='bbox 257 1105 375 1151; x_wconf 86' lang='lat' dir='ltr'>comitum</span> <span class='ocrx_word' id='word_1_73' title='bbox 386 1099 465 1150; x_wconf 87' lang='lat' dir='ltr'>Niobe</span> <span class='ocrx_word' id='word_1_74' title='bbox 476 1098 630 1148; x_wconf 75' lang='lat' dir='ltr'>celeberrIma</span> <span class='ocrx_word' id='word_1_75' title='bbox 640 1097 728 1157; x_wconf 79' lang='lat' dir='ltr'>turbti,</span> <span class='ocrx_word' id='word_1_76' title='bbox 832 1109 875 1161; x_wconf 67' lang='lat'>1⁶5</span> 
     </span>
    </p>
   </div>
   <div class='ocr_carea' id='block_1_3' title="bbox 104 1177 815 1322">
    <p class='ocr_par' dir='ltr' id='par_1_10' title="bbox 104 1177 815 1322">
     <span class='ocr_line' id='line_1_12' title="bbox 104 1177 676 1242; baseline -0.005 -16"><span class='ocrx_word' id='word_1_77' title='bbox 104 1179 217 1229; x_wconf 88' lang='lat' dir='ltr'>Vestibus</span> <span class='ocrx_word' id='word_1_78' title='bbox 228 1182 320 1228; x_wconf 81' lang='lat' dir='ltr'>intexto</span> <span class='ocrx_word' id='word_1_79' title='bbox 333 1180 442 1242; x_wconf 81' lang='lat' dir='ltr'>Phrygiis</span> <span class='ocrx_word' id='word_1_80' title='bbox 453 1177 584 1242; x_wconf 66' lang='lat' dir='ltr'>speciabilis</span> <span class='ocrx_word' id='word_1_81' title='bbox 597 1193 676 1234; x_wconf 69' lang='lat' dir='ltr'>etttot</span> 
     </span>
     <span class='ocr_line' id='line_1_13' title="bbox 104 1251 815 1322; baseline -0.004 -16"><span class='ocrx_word' id='word_1_82' title='bbox 104 1255 157 1316; x_wconf 83' lang='lat' dir='ltr'>Et,</span> <span class='ocrx_word' id='word_1_83' title='bbox 168 1269 284 1322; x_wconf 86' lang='lat' dir='ltr'>quantum</span> <span class='ocrx_word' id='word_1_84' title='bbox 296 1259 330 1304; x_wconf 89' lang='lat' dir='ltr'>ira</span> <span class='ocrx_word' id='word_1_85' title='bbox 341 1259 415 1313; x_wconf 89' lang='lat' dir='ltr'>sinit,</span> <span class='ocrx_word' id='word_1_86' title='bbox 430 1253 536 1305; x_wconf 87' lang='lat' dir='ltr'>formosa</span> <span class='ocrx_word' id='word_1_87' title='bbox 547 1273 554 1303; x_wconf 83' lang='lat' dir='ltr'>t</span> <span class='ocrx_word' id='word_1_88' title='bbox 566 1266 714 1319; x_wconf 78' lang='lat' dir='ltr'>movensque</span> <span class='ocrx_word' id='word_1_89' title='bbox 723 1251 815 1303; x_wconf 82' lang='lat' dir='ltr'>detero</span> 
     </span>
    </p>
   </div>
   <div class='ocr_carea' id='block_1_4' title="bbox 68 1331 876 3120">
    <p class='ocr_par' dir='ltr' id='par_1_11' title="bbox 68 1331 876 3040">
     <span class='ocr_line' id='line_1_14' title="bbox 105 1331 828 1399; baseline -0.007 -15"><span class='ocrx_word' id='word_1_90' title='bbox 105 1333 175 1384; x_wconf 86' lang='lat' dir='ltr'>Cum</span> <span class='ocrx_word' id='word_1_91' title='bbox 183 1338 259 1399; x_wconf 89' lang='lat' dir='ltr'>capite</span> <span class='ocrx_word' id='word_1_92' title='bbox 267 1331 385 1386; x_wconf 75' lang='lat' dir='ltr'>immiss&#39;os</span> <span class='ocrx_word' id='word_1_93' title='bbox 393 1335 520 1382; x_wconf 87' lang='lat' dir='ltr'>humetum</span> <span class='ocrx_word' id='word_1_94' title='bbox 528 1349 569 1397; x_wconf 91' lang='lat' dir='ltr'>per</span> <span class='ocrx_word' id='word_1_95' title='bbox 578 1347 705 1397; x_wconf 87' lang='lat' dir='ltr'>utrumque</span> <span class='ocrx_word' id='word_1_96' title='bbox 713 1332 828 1397; x_wconf 76' lang='lat' dir='ltr'>capillos,</span> 
     </span>
     <span class='ocr_line' id='line_1_15' title="bbox 104 1410 794 1484; baseline -0.007 -21"><span class='ocrx_word' id='word_1_97' title='bbox 104 1411 224 1463; x_wconf 80' lang='lat' dir='ltr'>Constitit</span> <span class='ocrx_word' id='word_1_98' title='bbox 236 1431 242 1461; x_wconf 81' lang='lat' dir='ltr'>t</span> <span class='ocrx_word' id='word_1_99' title='bbox 255 1429 328 1479; x_wconf 85' lang='lat' dir='ltr'>utque</span> <span class='ocrx_word' id='word_1_100' title='bbox 343 1411 427 1484; x_wconf 72' lang='lat' dir='ltr'>oqulus</span> <span class='ocrx_word' id='word_1_101' title='bbox 442 1410 590 1460; x_wconf 81' lang='lat' dir='ltr'>circumtulit</span> <span class='ocrx_word' id='word_1_102' title='bbox 602 1410 650 1459; x_wconf 86' lang='lat' dir='ltr'>alta</span> <span class='ocrx_word' id='word_1_103' title='bbox 664 1411 794 1475; x_wconf 69' lang='lat' dir='ltr'>superbuit</span> 
     </span>
     <span class='ocr_line' id='line_1_16' title="bbox 106 1490 876 1556; baseline -0.004 -16"><span class='ocrx_word' id='word_1_104' title='bbox 106 1490 168 1551; x_wconf 86' lang='lat' dir='ltr'>Quis</span> <span class='ocrx_word' id='word_1_105' title='bbox 185 1491 252 1540; x_wconf 86' lang='lat' dir='ltr'>furor</span> <span class='ocrx_word' id='word_1_106' title='bbox 263 1490 378 1550; x_wconf 87' lang='lat' dir='ltr'>auditos,</span> <span class='ocrx_word' id='word_1_107' title='bbox 393 1492 491 1556; x_wconf 89' lang='lat' dir='ltr'>inquit,</span> <span class='ocrx_word' id='word_1_108' title='bbox 507 1503 645 1554; x_wconf 72' lang='lat' dir='ltr'>preponere</span> <span class='ocrx_word' id='word_1_109' title='bbox 657 1491 714 1540; x_wconf 80' lang='lat' dir='ltr'>tisis</span> <span class='ocrx_word' id='word_1_110' title='bbox 831 1512 876 1554; x_wconf 80' lang='lat'>¹70</span> 
     </span>
     <span class='ocr_line' id='line_1_17' title="bbox 106 1566 695 1632; baseline -0.003 -15"><span class='ocrx_word' id='word_1_111' title='bbox 106 1566 240 1621; x_wconf 81' lang='lat' dir='ltr'>Coelestes?</span> <span class='ocrx_word' id='word_1_112' title='bbox 259 1583 302 1619; x_wconf 87' lang='lat' dir='ltr'>aut</span> <span class='ocrx_word' id='word_1_113' title='bbox 314 1585 355 1618; x_wconf 89' lang='lat' dir='ltr'>cur</span> <span class='ocrx_word' id='word_1_114' title='bbox 366 1567 454 1617; x_wconf 89' lang='lat' dir='ltr'>colitur</span> <span class='ocrx_word' id='word_1_115' title='bbox 470 1566 562 1617; x_wconf 78' lang='lat' dir='ltr'>Latona</span> <span class='ocrx_word' id='word_1_116' title='bbox 573 1584 614 1632; x_wconf 87' lang='lat' dir='ltr'>pet</span> <span class='ocrx_word' id='word_1_117' title='bbox 624 1581 674 1618; x_wconf 82' lang='lat' dir='ltr'>aras</span> <span class='ocrx_word' id='word_1_118' title='bbox 686 1569 695 1615; x_wconf 72' lang='grc' dir='ltr'><strong><em>ἒ</em></strong></span> 
     </span>
     <span class='ocr_line' id='line_1_18' title="bbox 105 1644 825 1704; baseline -0.003 -8"><span class='ocrx_word' id='word_1_119' title='bbox 105 1644 825 1704; x_wconf 73' lang='lat' dir='ltr'>Numenadhucsincturemeumest?mihiTantnlusau6ior,</span> 
     </span>
     <span class='ocr_line' id='line_1_19' title="bbox 105 1722 669 1790; baseline -0.004 -16"><span class='ocrx_word' id='word_1_120' title='bbox 105 1722 155 1774; x_wconf 90' lang='lat' dir='ltr'>Cui</span> <span class='ocrx_word' id='word_1_121' title='bbox 167 1724 236 1773; x_wconf 87' lang='lat' dir='ltr'>licuit</span> <span class='ocrx_word' id='word_1_122' title='bbox 249 1724 294 1773; x_wconf 85' lang='lat' dir='ltr'>soli</span> <span class='ocrx_word' id='word_1_123' title='bbox 306 1727 448 1790; x_wconf 86' lang='lat' dir='ltr'>Superorum</span> <span class='ocrx_word' id='word_1_124' title='bbox 463 1739 558 1789; x_wconf 85' lang='lat' dir='ltr'>tangere</span> <span class='ocrx_word' id='word_1_125' title='bbox 570 1726 669 1780; x_wconf 82' lang='lat' dir='ltr'>ntensas.</span> 
     </span>
     <span class='ocr_line' id='line_1_20' title="bbox 104 1801 771 1868; baseline -0.001 -16"><span class='ocrx_word' id='word_1_126' title='bbox 104 1801 232 1852; x_wconf 83' lang='lat' dir='ltr'>Pleiadum</span> <span class='ocrx_word' id='word_1_127' title='bbox 245 1805 310 1852; x_wconf 88' lang='lat' dir='ltr'>soror</span> <span class='ocrx_word' id='word_1_128' title='bbox 321 1803 353 1851; x_wconf 86' lang='lat' dir='ltr'>est</span> <span class='ocrx_word' id='word_1_129' title='bbox 365 1805 466 1868; x_wconf 79' lang='lat' dir='ltr'>genitrix</span> <span class='ocrx_word' id='word_1_130' title='bbox 481 1805 561 1852; x_wconf 77' lang='lat' dir='ltr'>mihis</span> <span class='ocrx_word' id='word_1_131' title='bbox 574 1805 692 1853; x_wconf 83' lang='lat' dir='ltr'>maximus</span> <span class='ocrx_word' id='word_1_132' title='bbox 703 1801 771 1852; x_wconf 79' lang='lat' dir='ltr'>Atlas</span> 
     </span>
     <span class='ocr_line' id='line_1_21' title="bbox 104 1877 872 1961; baseline 0 -32"><span class='ocrx_word' id='word_1_133' title='bbox 104 1877 146 1929; x_wconf 81' lang='lat' dir='ltr'>Est</span> <span class='ocrx_word' id='word_1_134' title='bbox 157 1897 231 1941; x_wconf 87' lang='lat' dir='ltr'>avus,</span> <span class='ocrx_word' id='word_1_135' title='bbox 247 1883 375 1930; x_wconf 80' lang='lat' dir='ltr'>aethereum</span> <span class='ocrx_word' id='word_1_136' title='bbox 389 1882 430 1946; x_wconf 89' lang='lat' dir='ltr'>qui</span> <span class='ocrx_word' id='word_1_137' title='bbox 443 1879 488 1929; x_wconf 87' lang='lat' dir='ltr'>fert</span> <span class='ocrx_word' id='word_1_138' title='bbox 499 1881 629 1930; x_wconf 78' lang='lat' dir='ltr'>cervicibus</span> <span class='ocrx_word' id='word_1_139' title='bbox 640 1897 708 1930; x_wconf 81' lang='lat' dir='ltr'>atem</span> <span class='ocrx_word' id='word_1_140' title='bbox 719 1899 725 1929; x_wconf 82' lang='lat' dir='ltr'>e</span> <span class='ocrx_word' id='word_1_141' title='bbox 829 1915 872 1961; x_wconf 59' lang='grc' dir='ltr'>,Π</span> 
     </span>
     <span class='ocr_line' id='line_1_22' title="bbox 104 1957 734 2023; baseline 0.003 -17"><span class='ocrx_word' id='word_1_142' title='bbox 104 1957 212 2023; x_wconf 79' lang='lat' dir='ltr'>luppiter</span> <span class='ocrx_word' id='word_1_143' title='bbox 223 1959 282 2008; x_wconf 88' lang='lat' dir='ltr'>alter</span> <span class='ocrx_word' id='word_1_144' title='bbox 293 1974 349 2009; x_wconf 79' lang='lat' dir='ltr'>avus</span> <span class='ocrx_word' id='word_1_145' title='bbox 360 1976 367 2017; x_wconf 88' lang='lat'>;</span> <span class='ocrx_word' id='word_1_146' title='bbox 380 1960 461 2007; x_wconf 89' lang='lat' dir='ltr'>socero</span> <span class='ocrx_word' id='word_1_147' title='bbox 472 1974 571 2023; x_wconf 86' lang='lat' dir='ltr'>quoque</span> <span class='ocrx_word' id='word_1_148' title='bbox 580 1958 671 2022; x_wconf 88' lang='lat' dir='ltr'>glorior</span> <span class='ocrx_word' id='word_1_149' title='bbox 681 1959 734 2008; x_wconf 83' lang='lat' dir='ltr'>iilo.</span> 
     </span>
     <span class='ocr_line' id='line_1_23' title="bbox 103 2030 728 2101; baseline -0.005 -15"><span class='ocrx_word' id='word_1_150' title='bbox 103 2035 147 2086; x_wconf 89' lang='lat' dir='ltr'>Me</span> <span class='ocrx_word' id='word_1_151' title='bbox 157 2052 238 2101; x_wconf 82' lang='lat' dir='ltr'>gentes</span> <span class='ocrx_word' id='word_1_152' title='bbox 250 2053 360 2086; x_wconf 87' lang='lat' dir='ltr'>metuunt</span> <span class='ocrx_word' id='word_1_153' title='bbox 370 2037 477 2100; x_wconf 77' lang='lat' dir='ltr'>Phrygiae</span> <span class='ocrx_word' id='word_1_154' title='bbox 490 2054 496 2084; x_wconf 70' lang='grc' dir='ltr'>ι</span> <span class='ocrx_word' id='word_1_155' title='bbox 508 2051 548 2085; x_wconf 88' lang='lat' dir='ltr'>me</span> <span class='ocrx_word' id='word_1_156' title='bbox 559 2033 623 2100; x_wconf 83' lang='lat' dir='ltr'>regia</span> <span class='ocrx_word' id='word_1_157' title='bbox 639 2030 728 2085; x_wconf 81' lang='lat' dir='ltr'>Cadmi</span> 
     </span>
     <span class='ocr_line' id='line_1_24' title="bbox 104 2111 764 2180; baseline 0.005 -18"><span class='ocrx_word' id='word_1_158' title='bbox 104 2115 155 2162; x_wconf 88' lang='lat' dir='ltr'>Sub</span> <span class='ocrx_word' id='word_1_159' title='bbox 165 2111 264 2164; x_wconf 89' lang='lat' dir='ltr'>domina</span> <span class='ocrx_word' id='word_1_160' title='bbox 277 2115 309 2164; x_wconf 90' lang='lat' dir='ltr'>est</span> <span class='ocrx_word' id='word_1_161' title='bbox 321 2134 327 2164; x_wconf 80' lang='lat' dir='ltr'>t</span> <span class='ocrx_word' id='word_1_162' title='bbox 341 2113 475 2180; x_wconf 76' lang='lat' dir='ltr'>fidibusque</span> <span class='ocrx_word' id='word_1_163' title='bbox 489 2117 536 2163; x_wconf 88' lang='lat' dir='ltr'>mei</span> <span class='ocrx_word' id='word_1_164' title='bbox 548 2111 673 2164; x_wconf 79' lang='lat' dir='ltr'>commiisa</span> <span class='ocrx_word' id='word_1_165' title='bbox 683 2114 764 2165; x_wconf 85' lang='lat' dir='ltr'>mariti</span> 
     </span>
     <span class='ocr_line' id='line_1_25' title="bbox 102 2189 743 2259; baseline 0.003 -19"><span class='ocrx_word' id='word_1_166' title='bbox 102 2189 197 2241; x_wconf 78' lang='lat' dir='ltr'>Mennis</span> <span class='ocrx_word' id='word_1_167' title='bbox 207 2209 264 2241; x_wconf 86' lang='lat' dir='ltr'>cum</span> <span class='ocrx_word' id='word_1_168' title='bbox 276 2193 371 2258; x_wconf 81' lang='lat' dir='ltr'>populis</span> <span class='ocrx_word' id='word_1_169' title='bbox 384 2209 397 2240; x_wconf 88' lang='lat' dir='ltr'>a</span> <span class='ocrx_word' id='word_1_170' title='bbox 411 2208 496 2258; x_wconf 86' lang='lat' dir='ltr'>meque</span> <span class='ocrx_word' id='word_1_171' title='bbox 509 2196 608 2259; x_wconf 90' lang='lat' dir='ltr'>viroque</span> <span class='ocrx_word' id='word_1_172' title='bbox 619 2207 743 2258; x_wconf 83' lang='lat' dir='ltr'>reguntur.</span> 
     </span>
     <span class='ocr_line' id='line_1_26' title="bbox 101 2268 874 2338; baseline 0.008 -20"><span class='ocrx_word' id='word_1_173' title='bbox 101 2268 130 2318; x_wconf 90' lang='lat' dir='ltr'>In</span> <span class='ocrx_word' id='word_1_174' title='bbox 142 2287 321 2337; x_wconf 83' lang='lat' dir='ltr'>quamcumque</span> <span class='ocrx_word' id='word_1_175' title='bbox 335 2268 421 2319; x_wconf 83' lang='lat' dir='ltr'>domtis</span> <span class='ocrx_word' id='word_1_176' title='bbox 434 2269 533 2320; x_wconf 80' lang='lat' dir='ltr'>adverto</span> <span class='ocrx_word' id='word_1_177' title='bbox 545 2272 636 2321; x_wconf 83' lang='lat' dir='ltr'>lumine</span> <span class='ocrx_word' id='word_1_178' title='bbox 648 2285 758 2338; x_wconf 80' lang='lat' dir='ltr'>purtem,</span> <span class='ocrx_word' id='word_1_179' title='bbox 827 2277 874 2325; x_wconf 75' lang='lat'>180</span> 
     </span>
     <span class='ocr_line' id='line_1_27' title="bbox 102 2345 660 2413; baseline 0.007 -19"><span class='ocrx_word' id='word_1_180' title='bbox 102 2345 228 2398; x_wconf 78' lang='lat' dir='ltr'>immensa</span> <span class='ocrx_word' id='word_1_181' title='bbox 240 2350 374 2413; x_wconf 71' lang='lat' dir='ltr'>speeiautur</span> <span class='ocrx_word' id='word_1_182' title='bbox 384 2364 441 2413; x_wconf 79' lang='lat' dir='ltr'>opes</span> <span class='ocrx_word' id='word_1_183' title='bbox 452 2368 458 2397; x_wconf 83' lang='lat' dir='ltr'>t</span> <span class='ocrx_word' id='word_1_184' title='bbox 471 2348 564 2399; x_wconf 84' lang='lat' dir='ltr'>accedit</span> <span class='ocrx_word' id='word_1_185' title='bbox 574 2348 660 2399; x_wconf 86' lang='lat' dir='ltr'>eodem</span> 
     </span>
     <span class='ocr_line' id='line_1_28' title="bbox 100 2421 696 2492; baseline 0.008 -21"><span class='ocrx_word' id='word_1_186' title='bbox 100 2421 183 2489; x_wconf 79' lang='lat' dir='ltr'>Digne</span> <span class='ocrx_word' id='word_1_187' title='bbox 193 2425 247 2474; x_wconf 82' lang='lat' dir='ltr'>net</span> <span class='ocrx_word' id='word_1_188' title='bbox 259 2425 331 2474; x_wconf 85' lang='lat' dir='ltr'>facies</span> <span class='ocrx_word' id='word_1_189' title='bbox 344 2427 408 2474; x_wconf 79' lang='lat' dir='ltr'>:huc</span> <span class='ocrx_word' id='word_1_190' title='bbox 422 2441 487 2475; x_wconf 81' lang='lat' dir='ltr'>natas</span> <span class='ocrx_word' id='word_1_191' title='bbox 498 2425 576 2492; x_wconf 75' lang='lat' dir='ltr'>adjice</span> <span class='ocrx_word' id='word_1_192' title='bbox 589 2430 696 2492; x_wconf 74' lang='lat' dir='ltr'>septem,</span> 
     </span>
     <span class='ocr_line' id='line_1_29' title="bbox 99 2499 779 2574; baseline 0.009 -26"><span class='ocrx_word' id='word_1_193' title='bbox 99 2499 132 2549; x_wconf 79' lang='lat' dir='ltr'>Et</span> <span class='ocrx_word' id='word_1_194' title='bbox 143 2501 246 2554; x_wconf 86' lang='lat' dir='ltr'>totidem</span> <span class='ocrx_word' id='word_1_195' title='bbox 257 2507 352 2568; x_wconf 88' lang='lat' dir='ltr'>juvenes</span> <span class='ocrx_word' id='word_1_196' title='bbox 364 2521 371 2560; x_wconf 64' lang='grc' dir='ltr'><strong>ς</strong></span> <span class='ocrx_word' id='word_1_197' title='bbox 387 2507 410 2552; x_wconf 75' lang='lat' dir='ltr'>dt</span> <span class='ocrx_word' id='word_1_198' title='bbox 423 2521 480 2553; x_wconf 82' lang='lat' dir='ltr'>mox</span> <span class='ocrx_word' id='word_1_199' title='bbox 491 2521 640 2572; x_wconf 83' lang='lat' dir='ltr'>generosque</span> <span class='ocrx_word' id='word_1_200' title='bbox 650 2523 779 2574; x_wconf 86' lang='lat' dir='ltr'>nurusque.</span> 
     </span>
     <span class='ocr_line' id='line_1_30' title="bbox 100 2577 804 2650; baseline 0.017 -25"><span class='ocrx_word' id='word_1_201' title='bbox 100 2577 206 2636; x_wconf 73' lang='lat' dir='ltr'>Quaerite</span> <span class='ocrx_word' id='word_1_202' title='bbox 217 2596 281 2629; x_wconf 86' lang='lat' dir='ltr'>nune</span> <span class='ocrx_word' id='word_1_203' title='bbox 291 2582 395 2640; x_wconf 66' lang='lat' dir='ltr'>„habeat</span> <span class='ocrx_word' id='word_1_204' title='bbox 405 2597 477 2648; x_wconf 87' lang='lat' dir='ltr'>quam</span> <span class='ocrx_word' id='word_1_205' title='bbox 489 2583 566 2634; x_wconf 84' lang='lat' dir='ltr'>nostra</span> <span class='ocrx_word' id='word_1_206' title='bbox 578 2586 683 2650; x_wconf 86' lang='lat' dir='ltr'>superbia</span> <span class='ocrx_word' id='word_1_207' title='bbox 691 2591 784 2638; x_wconf 85' lang='lat' dir='ltr'>eausam</span> <span class='ocrx_word' id='word_1_208' title='bbox 797 2607 804 2646; x_wconf 82' lang='lat'>3</span> 
     </span>
     <span class='ocr_line' id='line_1_31' title="bbox 100 2656 868 2724; baseline 0.01 -17"><span class='ocrx_word' id='word_1_209' title='bbox 100 2659 189 2710; x_wconf 79' lang='lat' dir='ltr'>Nescio</span> <span class='ocrx_word' id='word_1_210' title='bbox 204 2673 304 2724; x_wconf 88' lang='lat' dir='ltr'>quoque</span> <span class='ocrx_word' id='word_1_211' title='bbox 315 2656 399 2708; x_wconf 83' lang='lat' dir='ltr'>audere</span> <span class='ocrx_word' id='word_1_212' title='bbox 412 2662 487 2712; x_wconf 85' lang='lat' dir='ltr'>satam</span> <span class='ocrx_word' id='word_1_213' title='bbox 498 2660 612 2712; x_wconf 86' lang='lat' dir='ltr'>Titanida</span> <span class='ocrx_word' id='word_1_214' title='bbox 624 2663 683 2713; x_wconf 78' lang='lat' dir='ltr'>Can</span> <span class='ocrx_word' id='word_1_215' title='bbox 824 2659 868 2721; x_wconf 72' lang='lat'>¹85</span> 
     </span>
     <span class='ocr_line' id='line_1_32' title="bbox 99 2734 731 2805; baseline 0.009 -19"><span class='ocrx_word' id='word_1_216' title='bbox 99 2737 219 2786; x_wconf 83' lang='lat' dir='ltr'>Latonam</span> <span class='ocrx_word' id='word_1_217' title='bbox 231 2734 342 2802; x_wconf 72' lang='lat' dir='ltr'>preferre</span> <span class='ocrx_word' id='word_1_218' title='bbox 354 2741 412 2786; x_wconf 80' lang='lat' dir='ltr'>mihi</span> <span class='ocrx_word' id='word_1_219' title='bbox 424 2743 479 2797; x_wconf 82' lang='lat' dir='ltr'>·,cui</span> <span class='ocrx_word' id='word_1_220' title='bbox 492 2744 595 2790; x_wconf 82' lang='lat' dir='ltr'>maxima</span> <span class='ocrx_word' id='word_1_221' title='bbox 607 2739 731 2805; x_wconf 83' lang='lat' dir='ltr'>quondam</span> 
     </span>
     <span class='ocr_line' id='line_1_33' title="bbox 68 2811 632 2882; baseline 0.002 -18"><span class='ocrx_word' id='word_1_222' title='bbox 68 2861 73 2872; x_wconf 77' lang='grc'><em>,</em></span> <span class='ocrx_word' id='word_1_223' title='bbox 98 2815 217 2881; x_wconf 79' lang='lat' dir='ltr'>Exiguam</span> <span class='ocrx_word' id='word_1_224' title='bbox 230 2811 310 2862; x_wconf 79' lang='lat' dir='ltr'>sedem</span> <span class='ocrx_word' id='word_1_225' title='bbox 324 2819 432 2880; x_wconf 77' lang='lat' dir='ltr'>pariturae</span> <span class='ocrx_word' id='word_1_226' title='bbox 444 2818 518 2866; x_wconf 86' lang='lat' dir='ltr'>Terra</span> <span class='ocrx_word' id='word_1_227' title='bbox 529 2821 632 2882; x_wconf 77' lang='lat' dir='ltr'>negavit.</span> 
     </span>
     <span class='ocr_line' id='line_1_34' title="bbox 98 2893 823 2965; baseline 0.01 -22"><span class='ocrx_word' id='word_1_228' title='bbox 98 2893 149 2944; x_wconf 79' lang='lat' dir='ltr'>Nec</span> <span class='ocrx_word' id='word_1_229' title='bbox 158 2893 224 2942; x_wconf 78' lang='lat' dir='ltr'>caeio</span> <span class='ocrx_word' id='word_1_230' title='bbox 234 2928 242 2954; x_wconf 91' lang='lat'><strong><em>,</em></strong></span> <span class='ocrx_word' id='word_1_231' title='bbox 252 2894 378 2943; x_wconf 83' lang='lat' dir='ltr'>nochumo</span> <span class='ocrx_word' id='word_1_232' title='bbox 388 2911 448 2952; x_wconf 79' lang='lat' dir='ltr'>,nec</span> <span class='ocrx_word' id='word_1_233' title='bbox 457 2898 525 2960; x_wconf 87' lang='lat' dir='ltr'>aquis</span> <span class='ocrx_word' id='word_1_234' title='bbox 533 2895 584 2944; x_wconf 82' lang='lat' dir='ltr'>Dea</span> <span class='ocrx_word' id='word_1_235' title='bbox 593 2896 667 2946; x_wconf 75' lang='lat' dir='ltr'>vestra</span> <span class='ocrx_word' id='word_1_236' title='bbox 675 2913 771 2965; x_wconf 87' lang='lat' dir='ltr'>recepta</span> <span class='ocrx_word' id='word_1_237' title='bbox 779 2899 823 2950; x_wconf 83' lang='lat' dir='ltr'>est.</span> 
     </span>
     <span class='ocr_line' id='line_1_35' title="bbox 96 2968 712 3040; baseline -0.003 -14"><span class='ocrx_word' id='word_1_238' title='bbox 96 2972 170 3026; x_wconf 65' lang='lat' dir='ltr'>titur</span> <span class='ocrx_word' id='word_1_239' title='bbox 181 2986 233 3022; x_wconf 87' lang='lat' dir='ltr'>crat</span> <span class='ocrx_word' id='word_1_240' title='bbox 244 2968 348 3033; x_wconf 80' lang='lat' dir='ltr'>mundi,</span> <span class='ocrx_word' id='word_1_241' title='bbox 358 2969 435 3023; x_wconf 81' lang='lat' dir='ltr'>denec</span> <span class='ocrx_word' id='word_1_242' title='bbox 449 2975 558 3024; x_wconf 84' lang='lat' dir='ltr'>miserata</span> <span class='ocrx_word' id='word_1_243' title='bbox 568 2991 694 3040; x_wconf 75' lang='lat' dir='ltr'>vagantem</span> <span class='ocrx_word' id='word_1_244' title='bbox 704 2994 712 3034; x_wconf 69' lang='grc' dir='ltr'>ς</span> 
     </span>
    </p>

    <p class='ocr_par' dir='ltr' id='par_1_12' title="bbox 666 3055 724 3120">
     <span class='ocr_line' id='line_1_36' title="bbox 666 3055 724 3120; baseline 0.017 -17"><span class='ocrx_word' id='word_1_245' title='bbox 666 3055 685 3103; x_wconf 79' lang='lat' dir='ltr'>f</span> <span class='ocrx_word' id='word_1_246' title='bbox 695 3058 724 3120; x_wconf 72' lang='lat' dir='ltr'>ii}</span> 
     </span>
    </p>
   </div>
   <div class='ocr_carea' id='block_1_5' title="bbox 0 0 1044 3708">
    <p class='ocr_par' dir='ltr' id='par_1_13' title="bbox 0 0 1044 3708">
     <span class='ocr_line' id='line_1_37' title="bbox 0 0 1044 3708; baseline 0 3"><span class='ocrx_word' id='word_1_247' title='bbox 0 0 1044 3708; x_wconf 95' lang='lat' dir='ltr'> </span> 
     </span>
    </p>
   </div>
  </div>
 </body>
</html>
