1980 3714
231 225 299 292 ²90
372 199 417 272 Ρ.
439 197 812 271 Ovrorr'NAsonts

180 321 391 391 tnlimillamque
401 323 457 374 med
467 326 583 374 virtutem
592 337 653 373 voce
663 323 769 386 reposco.

227 405 348 468 Tempore
366 402 397 454 ab
412 403 460 451 boc
471 436 481 456 ,
492 397 664 467 quodcumque
674 397 750 464 potest
761 391 838 446 fecisse
848 389 910 442 videri

227 479 397 540 sorduerint,
408 493 489 528 meum
497 477 540 538 eil,
551 493 640 543 quem,
653 473 750 528 dantem
761 489 837 539 terge,
844 470 920 534 seusu·

225 557 336 625 Denique
353 554 383 608 de
394 556 486 608 Densis
496 558 551 623 quis
559 569 582 605 te
594 551 705 606 laudatve
714 555 820 620 peritvel

225 637 258 687 At
272 637 313 686 sue
325 631 432 700 Tydides
449 649 546 684 merum
557 634 721 684 communicat
732 634 799 690 auae

179 715 268 766 truite
283 713 369 781 probat
381 746 389 774 ,
411 715 435 762 dt
446 713 513 776 socio
524 711 617 776 semper
626 707 728 769 confidit
736 704 832 771 Ulylle.

225 791 265 842 ΕΩ
283 787 375 858 eliquid
381 825 392 853 ,
405 787 436 840 de
447 804 485 840 tot
496 789 626 854 Graiorum
638 787 745 836 millibus
755 821 763 846 ‚
778 802 854 835 unum

225 869 246 918 Α
267 865 384 918 Diomede
395 865 443 934 legi
456 881 517 918 :uec
525 883 563 916 me
574 867 623 915 sors
634 867 669 914 ire
678 864 776 932 jubebat
790 881 798 920 3

225 949 263 996 Sic
275 960 355 996 umen
365 949 405 1006 dt,
418 947 498 1012 spreto
509 946 632 1011 nosiisque
649 943 770 1010 hostisque
783 940 888 1007 periclo,

133 1025 135 1032 ’
228 1025 315 1075 Ausum
326 1020 426 1084 eadem,
444 1039 497 1090 quae
508 1038 552 1072 uos
563 1056 572 1082 ‚
585 1019 689 1086 Phrygii
700 1017 730 1070 de
741 1034 812 1085 gente
822 1018 910 1067 Dolone

173 1101 341 1164 p4tlnterimo
351 1119 358 1151 s
367 1117 418 1152 non
430 1116 485 1150 aute
496 1114 577 1150 tamen
588 1133 597 1160 ‚
613 1098 687 1165 quim
701 1099 785 1148 cundia
795 1098 863 1160 co'e'gi

224 1168 344 1229 Prodere:
357 1175 479 1228 &edidici
489 1175 549 1245 quid
560 1172 651 1242 perfida
662 1175 737 1240 Troja
747 1189 850 1240 pararet.

224 1257 313 1306 Omnis
330 1271 475 1322 cognoram:
484 1271 547 1316 nec,
559 1250 627 1320 quod
637 1253 790 1318 specularer,
803 1250 924 1308 habebant

223 1333 255 1383 Et
267 1338 317 1398 jam
327 1332 446 1400 premissi
454 1348 561 1399 poteram
570 1347 626 1381 cum
637 1327 707 1382 leude
715 1332 812 1380 reverti.

224 1407 295 1460 llaud
310 1411 492 1472 concentores,
504 1412 563 1477 petii
574 1413 677 1460 tentoria
688 1411 760 1458 lihesi
771 1426 779 1468 ;

175 1485 295 1554 ¹501nque
311 1489 356 1536 suis
367 1491 445 1554 ipsunt
457 1488 536 1540 castris
550 1491 699 1554 comitesque
709 1489 813 1554 peremi.

221 1563 299 1630 Atque
316 1565 350 1613 ita
361 1568 458 1630 captivo
469 1568 563 1626 vietor,
580 1569 691 1634 tutisque
702 1569 815 1631 potitus,

221 1638 344 1706 ingredior
354 1658 424 1708 cuttu
434 1678 444 1699 ,
459 1643 526 1694 letos
536 1647 645 1695 imitante
657 1646 802 1710 triumphos.

220 1717 296 1791 Cujus
307 1736 397 1786 equos,
410 1724 514 1786 pretium
525 1739 569 1788 pro
579 1725 663 1782 nodie,
675 1725 818 1787 poposcerat
829 1721 909 1780 boslis,

221 1797 293 1845 Arma
306 1812 391 1864 negate
408 1801 469 1848 mihi
481 1817 488 1849 e
500 1798 620 1866 fueritque
631 1802 756 1866 benignior
768 1802 837 1864 Ajax.

174 1885 217 1931 ²55
255 1871 321 1934 Quid
337 1875 405 1939 Lycii
422 1874 523 1926 referam
538 1875 681 1942 Sarpedonis
693 1880 790 1942 agmina
802 1877 866 1928 ferro

220 1947 346 2002 Detestatr
360 1956 436 2018 meoi
452 1952 520 2005 Cum
531 1954 612 2004 multo
622 1956 735 2022 sanguine
750 1953 804 2006 fudi

220 2025 346 2080 Coeranon
357 2027 494 2096 Iphitiden,
510 2034 535 2082 δι
546 2029 719 2099 Alastoraque,
732 2031 930 2100 Chromiumque,

220 2103 403 2174 Alcandrumqs
416 2099 550 2176 Haliumq‘s
561 2108 708 2177 No'e'monrq
719 2127 727 2170 ς
738 2111 920 2179 Prytaninque,

208 2181 349 2252 ,Exitioque
365 2183 489 2238 deditum
508 2186 707 2239 Chersidamante
725 2189 844 2251 Thoona,

173 2259 252 2314 eseEt
261 2260 408 2329 Charopen,
424 2263 525 2331 fatisque
539 2267 673 2322 immitibus
684 2265 814 2316 Ennomon
827 2269 919 2326 esium3

159 2407 162 2411 Ι
220 2337 314 2404 Quique
329 2344 407 2390 minus
416 2341 518 2392 celebres
527 2341 608 2394 nostri
618 2343 660 2392 sub
672 2345 790 2393 mornibus
803 2347 867 2393 urbis

219 2415 368 2468 Procubuere
384 2435 465 2472 manu.
478 2421 537 2470 Sunt
548 2423 573 2470 bt
587 2423 649 2470 mihi
659 2421 757 2472 vulnera
767 2457 776 2482 ,
786 2425 853 2472 cives
863 2457 873 2483 ,

218 2491 273 2558 lpso
283 2495 381 2558 pulchra
392 2497 448 2546 loco
462 2515 468 2547 r
480 2515 524 2548 uec
536 2501 604 2548 vanis
615 2495 705 2548 credite
716 2500 803 2558 verbis.
824 2522 827 2530 ¹

218 2572 339 2636 Aspicite,
349 2588 394 2624 en:
408 2574 558 2643 qvestemque
569 2592 641 2626 manu
649 2574 754 2638 diducit,
763 2581 804 2638 dt,
815 2577 872 2628 iiaec
883 2581 932 2628 sunt

157 2649 314 2730 ‘zeql’euora
323 2651 429 2718 semper,
441 2655 489 2713 sit,
503 2653 583 2704 vestris
593 2655 695 2704 exercita
706 2655 783 2704 rebus.

219 2729 250 2774 At
264 2727 325 2776 nihil
342 2728 460 2794 impendit
470 2748 512 2796 per
521 2746 559 2782 tot
570 2731 725 2782 Telamonius
736 2748 810 2782 annos

219 2806 343 2868 Sanguinis
356 2809 383 2858 in
394 2809 488 2868 socios,
510 2813 534 2859 bt
546 2809 618 2860 habet
629 2810 678 2859 sine
688 2808 784 2859 vulnere
794 2825 891 2875 corpus.

218 2880 284 2942 Quid
300 2897 380 2935 temen
390 2887 437 2938 hoc
449 2885 533 2938 referri
551 2889 570 2937 si
587 2887 610 2936 se
620 2903 664 2954 pru
677 2885 748 2937 classe
758 2886 854 2952 Pelasgi
