2078 3708
155 245 583 315 Mar-„rnonrrrosuorr
599 241 637 308 L.
661 239 705 308 V.
737 261 798 306 101

86 347 205 418 Palpitat,
217 358 243 404 bi
257 355 345 419 positas
354 355 458 420 aspergit
467 355 581 417 sanguine
592 350 695 398 mensas.
825 363 857 408 40

85 430 148 480 Turn
157 429 217 482 verd
227 429 360 481 indomitas
371 429 473 482 ardescit
482 430 568 493 vulgus
578 430 605 477 in
615 430 677 479 iras,

85 508 190 576 Telaque
201 512 354 576 conjiciunt:
366 513 391 560 δι
404 511 474 570 sunt,
486 512 528 575 qui
541 507 639 571 Cephen
651 502 733 554 dicant

82 583 146 635 Cum
155 602 246 652 genero
257 584 344 636 debere
355 590 427 636 mori.
440 584 486 636 Sed
497 586 581 635 limine
594 584 649 632 redii

81 661 174 714 Exierat
184 663 318 730 Cepheus,
334 665 430 716 testatur
441 667 543 730 jusque,
559 659 700 727 fidemque,

80 739 230 808 Hospitiique
242 741 328 801 Deos,
340 759 384 802 ea,
404 744 427 790 se
439 742 579 806 prohibente
591 775 599 798 ,
617 739 719 788 moveri.
820 749 850 796 45

80 817 167 868 Bellica
179 818 258 868 Pallas
268 817 334 870 adest
345 847 353 879 ‚
366 823 391 868 bt
403 821 508 884 protegit
519 815 595 882 agidt
606 815 724 872 fratrem,

81 894 158 960 Datq3
167 899 274 945 animos.
282 893 418 946 Eratlndus
426 892 712 960 Athic‚quem,durnine
719 890 803 953 Gange

81 971 165 1032 Edita,
182 974 297 1024 Limnate
311 977 392 1024 vitreis
407 971 521 1040 peperiffe
534 975 577 1022 sub
592 975 667 1022 antris

81 1049 207 1112 Creditur,
223 1055 335 1118 egregius
347 1052 427 1102 formd
438 1071 444 1100 ι
457 1068 530 1118 quam
542 1049 617 1100 divite
629 1049 696 1100 cultu

80 1126 203 1192 Augebat,
224 1129 262 1178 bie
278 1127 357 1178 adhuc
370 1131 462 1178 ottonis
476 1132 567 1194 integer
582 1130 668 1186 annis,
718 1193 722 1202 ἱ

82 1205 177 1257 Indutus
188 1205 349 1271 chlamydem
360 1208 459 1270 Tyriam
473 1241 481 1267 ,
500 1224 573 1273 quam
586 1207 674 1255 limbus
685 1203 769 1252 obibat

78 1283 164 1333 Aureus
177 1304 184 1333 :
198 1285 323 1334 ornabant
337 1297 419 1336 aurata
430 1284 531 1334 monilia
543 1283 636 1334 collum
648 1319 657 1343 ,

79 1356 108 1406 Et
120 1358 228 1411 madidos
244 1359 330 1422 myrti
345 1376 446 1410 curvum
460 1358 549 1408 crinale
564 1358 672 1424 capillos.

80 1437 121 1486 llle
131 1437 227 1504 quidem
239 1438 340 1502 jaculo,
357 1441 466 1504 quamvis
477 1436 605 1493 distantia,
618 1435 689 1486 misl'o

80 1513 156 1579 figere
166 1514 250 1565 dostus
262 1531 314 1564 erat
324 1533 331 1574 3
344 1513 384 1566 sed
396 1513 492 1566 tendere
502 1513 596 1564 dodiior
606 1531 681 1564 arcus.
817 1521 826 1566 5
834 1522 843 1565 5

81 1591 141 1640 Tum
150 1609 265 1660 quoque,
279 1592 343 1642 lenta
354 1609 426 1642 manu
438 1591 572 1642 dedentem
582 1608 689 1653 cornua,
703 1589 798 1642 Perseus

80 1667 177 1731 Stipite„
194 1671 236 1735 qui
246 1666 331 1718 medii
344 1670 434 1734 potitus
447 1668 555 1718 fumabat
568 1671 593 1716 in
606 1684 666 1728 ara,

80 1742 179 1792 Perculit
189 1762 197 1802 ·,
210 1748 235 1794 bc
247 1743 328 1794 sraelis
339 1742 453 1794 confudit
463 1748 489 1793 in
500 1745 592 1794 ossibus
604 1761 655 1792 ora.

821 1123 850 1166 50

80 1815 147 1872 Hunc
158 1823 198 1872 ubi
209 1820 321 1874 laudatos
331 1825 458 1888 jactantem
470 1825 496 1872 in
506 1825 620 1888 sanguine
630 1821 711 1872 vultus

80 1895 182 1959 Assyrius
191 1895 254 1948 vidit
266 1897 393 1960 Lycabas,
408 1895 585 1962 (junctissimus
598 1894 635 1944 illi
817 1899 847 1936 6·

80 1971 109 2022 Et
119 1989 196 2024 comes
208 2009 216 2035 ‚
229 1979 256 2026 bc
271 1977 320 2025 veri
331 1989 382 2023 non
394 1970 557 2022 dissimulator
573 1975 660 2021 amoris
670 1971 697 2037 ς)

80 2047 131 2098 Post
139 2051 212 2118 qulm
222 2051 376 2102 exhalantem
387 2050 430 2099 sub
445 2050 532 2099 acerbo
542 2048 640 2098 vulnere
651 2052 728 2098 vitam

80 2126 217 2194 Deploravit
226 2131 320 2188 Athin,
331 2145 392 2195 quos
402 2128 444 2177 ille
456 2125 610 2186 tetenderat,
628 2142 694 2176 arcus

80 2207 179 2274 Arripit:
192 2212 218 2258 δι
229 2243 238 2269 ,
248 2208 349 2257 Mecum
360 2208 405 2255 tibi
416 2209 464 2254 siut
474 2207 622 2266 certamina,
633 2202 703 2254 dixit.

80 2283 127 2334 Nec
137 2287 238 2353 longum
250 2289 318 2352 pueri
329 2285 381 2337 fato
392 2285 520 2344 latabere3
536 2303 586 2352 quo
598 2285 651 2350 plur
815 2287 830 2326 6
835 2297 845 2343 5

81 2363 190 2427 Invidiae,
203 2367 281 2434 quim
292 2363 385 2424 laudis,
397 2366 479 2416 habet.
491 2365 548 2414 riae
559 2367 643 2414 omnia
653 2361 764 2414 uottdtun
888 2345 907 2368 ⁴

79 2441 191 2502 Dixerat,
204 2445 305 2495 emicuit
315 2459 389 2494 nervo
400 2441 547 2508 penetrabile
559 2442 653 2502 telum,

80 2519 253 2590 vitatumque,
268 2536 351 2574 tamen
360 2519 457 2570 sinuosi
466 2519 527 2570 veste
537 2518 659 2586 pependit.

80 2596 155 2648 Vertit
166 2600 192 2646 in
203 2599 267 2646 hunc
278 2598 384 2661 harpen,
397 2595 525 2659 spectatam
536 2591 601 2644 cade
612 2591 735 2656 Medusa,

79 2671 249 2725 Acrisioniades
261 2707 269 2734 ‚
286 2669 408 2738 adigitque
419 2673 445 2720 in
455 2673 543 2736 petius.
555 2671 587 2720 At
599 2670 642 2720 ille
758 2669 761 2674 '
812 2683 844 2727 70

80 2750 129 2798 lam
140 2752 243 2800 moriens
253 2783 263 2805 ,
279 2748 356 2799 oculis
367 2749 410 2798 sub
420 2749 489 2798 nodie
499 2751 636 2799 natantibus
647 2749 717 2810 arri,
757 2789 760 2796 .

80 2825 253 2894 Circumspexit
263 2827 353 2881 Athin,
364 2828 435 2891 seque
446 2825 575 2878 acclinavit
586 2829 611 2874 iri
622 2825 691 2876 illum
704 2844 712 2885 ς

81 2903 110 2953 Et
120 2906 175 2955 tulit
186 2905 216 2955 ad
227 2921 307 2955 manet
318 2906 402 2970 junii:
413 2902 499 2952 solatia
509 2905 601 2952 mortis.

79 2977 270 3043 Euesperites,
287 2980 381 3044 genitur
392 2977 518 3028 Methione
529 3011 537 3040 ,
555 2979 679 3036 Phorbas,

647 3055 667 3104 c
684 3057 711 3121 ui
