<?xml version="1.0" encoding="UTF-8"?>
<!DOCTYPE html PUBLIC "-//W3C//DTD XHTML 1.0 Transitional//EN"
    "http://www.w3.org/TR/xhtml1/DTD/xhtml1-transitional.dtd">
<html xmlns="http://www.w3.org/1999/xhtml" xml:lang="en" lang="en">
 <head>
  <title>
</title>
<meta http-equiv="Content-Type" content="text/html;charset=utf-8" />
  <meta name='ocr-system' content='tesseract 3.04.00' />
  <meta name='ocr-capabilities' content='ocr_page ocr_carea ocr_par ocr_line ocrx_word'/>
</head>
<body>
  <div class='ocr_page' id='page_1' title='image "./povidiinasoniso06ovidgoog_0281.png"; bbox 0 0 2036 3714; ppageno 0'>
   <div class='ocr_carea' id='block_1_1' title="bbox 250 305 908 396">
    <p class='ocr_par' dir='ltr' id='par_1_1' title="bbox 250 305 908 396">
     <span class='ocr_line' id='line_1_1' title="bbox 250 305 908 396; baseline 0.009 -21"><span class='ocrx_word' id='word_1_1' title='bbox 250 317 319 396; x_wconf 71' lang='lat'>274</span> <span class='ocrx_word' id='word_1_2' title='bbox 393 305 437 378; x_wconf 84' lang='lat' dir='ltr'>P.</span> <span class='ocrx_word' id='word_1_3' title='bbox 461 307 619 378; x_wconf 73' lang='lat' dir='ltr'>Ournrr</span> <span class='ocrx_word' id='word_1_4' title='bbox 636 314 844 380; x_wconf 74' lang='lat' dir='ltr'>NAsosus</span> <span class='ocrx_word' id='word_1_5' title='bbox 905 307 908 312; x_wconf 78' lang='grc'><strong>’</strong></span> 
     </span>
    </p>
   </div>
   <div class='ocr_carea' id='block_1_2' title="bbox 156 429 956 3077">
    <p class='ocr_par' dir='ltr' id='par_1_2' title="bbox 246 429 951 500">
     <span class='ocr_line' id='line_1_2' title="bbox 246 429 951 500; baseline 0.003 -18"><span class='ocrx_word' id='word_1_6' title='bbox 246 429 414 483; x_wconf 84' lang='lat' dir='ltr'>Glandiferanr</span> <span class='ocrx_word' id='word_1_7' title='bbox 420 449 536 500; x_wconf 88' lang='lat' dir='ltr'>quercum</span> <span class='ocrx_word' id='word_1_8' title='bbox 545 453 551 483; x_wconf 78' lang='grc' dir='ltr'><strong><em>ε</em></strong></span> <span class='ocrx_word' id='word_1_9' title='bbox 561 451 636 500; x_wconf 85' lang='lat' dir='ltr'>quam</span> <span class='ocrx_word' id='word_1_10' title='bbox 641 433 700 484; x_wconf 81' lang='lat' dir='ltr'>dum</span> <span class='ocrx_word' id='word_1_11' title='bbox 707 435 877 500; x_wconf 76' lang='lat' dir='ltr'>complexibus</span> <span class='ocrx_word' id='word_1_12' title='bbox 883 436 951 493; x_wconf 79' lang='lat' dir='ltr'>antii,</span> 
     </span>
    </p>

    <p class='ocr_par' dir='ltr' id='par_1_3' title="bbox 200 510 895 656">
     <span class='ocr_line' id='line_1_3' title="bbox 246 510 895 580; baseline 0.008 -20"><span class='ocrx_word' id='word_1_13' title='bbox 246 510 278 560; x_wconf 87' lang='lat' dir='ltr'>Et</span> <span class='ocrx_word' id='word_1_14' title='bbox 291 515 369 578; x_wconf 85' lang='lat' dir='ltr'>quatit</span> <span class='ocrx_word' id='word_1_15' title='bbox 380 516 426 563; x_wconf 88' lang='lat' dir='ltr'>hue</span> <span class='ocrx_word' id='word_1_16' title='bbox 438 513 515 574; x_wconf 89' lang='lat' dir='ltr'>illuc,</span> <span class='ocrx_word' id='word_1_17' title='bbox 527 513 689 580; x_wconf 69' lang='lat' dir='ltr'>labcsastaque</span> <span class='ocrx_word' id='word_1_18' title='bbox 700 515 792 564; x_wconf 84' lang='lat' dir='ltr'>robora</span> <span class='ocrx_word' id='word_1_19' title='bbox 804 517 895 580; x_wconf 71' lang='lat' dir='ltr'>jadias,</span> 
     </span>
     <span class='ocr_line' id='line_1_4' title="bbox 200 591 818 656; baseline 0.006 -17"><span class='ocrx_word' id='word_1_20' title='bbox 200 591 340 656; x_wconf 64' lang='lat' dir='ltr'>„oLancea</span> <span class='ocrx_word' id='word_1_21' title='bbox 354 595 475 649; x_wconf 82' lang='lat' dir='ltr'>Pirithoi,</span> <span class='ocrx_word' id='word_1_22' title='bbox 496 593 566 644; x_wconf 83' lang='lat' dir='ltr'>costis</span> <span class='ocrx_word' id='word_1_23' title='bbox 580 592 685 646; x_wconf 75' lang='lat' dir='ltr'>immissa</span> <span class='ocrx_word' id='word_1_24' title='bbox 703 595 792 644; x_wconf 82' lang='lat' dir='ltr'>Petraei</span> <span class='ocrx_word' id='word_1_25' title='bbox 805 629 818 654; x_wconf 79' lang='lat'>,</span> 
     </span>
    </p>

    <p class='ocr_par' dir='ltr' id='par_1_4' title="bbox 246 671 807 726">
     <span class='ocr_line' id='line_1_5' title="bbox 246 671 807 726; baseline 0.004 -6"><span class='ocrx_word' id='word_1_26' title='bbox 246 673 344 722; x_wconf 77' lang='lat' dir='ltr'>Pesiora</span> <span class='ocrx_word' id='word_1_27' title='bbox 362 689 420 724; x_wconf 85' lang='lat' dir='ltr'>cum</span> <span class='ocrx_word' id='word_1_28' title='bbox 436 671 500 724; x_wconf 88' lang='lat' dir='ltr'>duro·</span> <span class='ocrx_word' id='word_1_29' title='bbox 510 674 623 726; x_wconf 72' lang='lat' dir='ltr'>lunantur</span> <span class='ocrx_word' id='word_1_30' title='bbox 639 677 726 724; x_wconf 85' lang='lat' dir='ltr'>robore</span> <span class='ocrx_word' id='word_1_31' title='bbox 742 673 807 722; x_wconf 82' lang='lat' dir='ltr'>fixit.</span> 
     </span>
    </p>

    <p class='ocr_par' dir='ltr' id='par_1_5' title="bbox 246 749 820 814">
     <span class='ocr_line' id='line_1_6' title="bbox 246 749 820 814; baseline -0.003 -14"><span class='ocrx_word' id='word_1_32' title='bbox 246 751 352 800; x_wconf 75' lang='lat' dir='ltr'>Pirithoi*</span> <span class='ocrx_word' id='word_1_33' title='bbox 361 755 448 802; x_wconf 84' lang='lat' dir='ltr'>virtute</span> <span class='ocrx_word' id='word_1_34' title='bbox 461 751 551 814; x_wconf 87' lang='lat' dir='ltr'>Lycum</span> <span class='ocrx_word' id='word_1_35' title='bbox 563 749 674 802; x_wconf 81' lang='lat' dir='ltr'>cecidisse</span> <span class='ocrx_word' id='word_1_36' title='bbox 685 751 820 807; x_wconf 63' lang='lat' dir='ltr'>serebanta</span> 
     </span>
    </p>

    <p class='ocr_par' dir='ltr' id='par_1_6' title="bbox 246 827 914 894">
     <span class='ocr_line' id='line_1_7' title="bbox 246 827 914 894; baseline -0.006 -16"><span class='ocrx_word' id='word_1_37' title='bbox 246 829 351 880; x_wconf 81' lang='lat' dir='ltr'>Pirithoi</span> <span class='ocrx_word' id='word_1_38' title='bbox 361 827 470 882; x_wconf 76' lang='lat' dir='ltr'>cecidisse</span> <span class='ocrx_word' id='word_1_39' title='bbox 479 829 615 880; x_wconf 81' lang='lat' dir='ltr'>Chromin:</span> <span class='ocrx_word' id='word_1_40' title='bbox 629 828 670 880; x_wconf 90' lang='lat' dir='ltr'>sed</span> <span class='ocrx_word' id='word_1_41' title='bbox 682 845 784 894; x_wconf 89' lang='lat' dir='ltr'>uterque</span> <span class='ocrx_word' id='word_1_42' title='bbox 794 829 914 876; x_wconf 84' lang='lat' dir='ltr'>minorem</span> 
     </span>
    </p>

    <p class='ocr_par' dir='ltr' id='par_1_7' title="bbox 246 903 955 976">
     <span class='ocr_line' id='line_1_8' title="bbox 246 903 955 976; baseline -0.007 -20"><span class='ocrx_word' id='word_1_43' title='bbox 246 906 339 958; x_wconf 73' lang='lat' dir='ltr'>victori</span> <span class='ocrx_word' id='word_1_44' title='bbox 353 909 472 968; x_wconf 85' lang='lat' dir='ltr'>titulum,</span> <span class='ocrx_word' id='word_1_45' title='bbox 487 907 565 976; x_wconf 71' lang='lat' dir='ltr'>quim</span> <span class='ocrx_word' id='word_1_46' title='bbox 574 909 656 971; x_wconf 74' lang='lat' dir='ltr'>Disiys</span> <span class='ocrx_word' id='word_1_47' title='bbox 669 907 827 972; x_wconf 79' lang='lat' dir='ltr'>Helopsque,</span> <span class='ocrx_word' id='word_1_48' title='bbox 846 903 955 954; x_wconf 80' lang='lat' dir='ltr'>dederunt.</span> 
     </span>
    </p>

    <p class='ocr_par' dir='ltr' id='par_1_8' title="bbox 202 984 908 1368">
     <span class='ocr_line' id='line_1_9' title="bbox 202 984 908 1054; baseline -0.003 -20"><span class='ocrx_word' id='word_1_49' title='bbox 202 985 318 1044; x_wconf 69' lang='lat' dir='ltr'>3.35Fixus</span> <span class='ocrx_word' id='word_1_50' title='bbox 335 987 425 1053; x_wconf 79' lang='lat' dir='ltr'><strong>Helops</strong></span> <span class='ocrx_word' id='word_1_51' title='bbox 436 987 532 1052; x_wconf 82' lang='lat' dir='ltr'>jaculo,</span> <span class='ocrx_word' id='word_1_52' title='bbox 543 985 609 1054; x_wconf 87' lang='lat' dir='ltr'>quod</span> <span class='ocrx_word' id='word_1_53' title='bbox 617 991 697 1054; x_wconf 82' lang='lat' dir='ltr'>pervia</span> <span class='ocrx_word' id='word_1_54' title='bbox 707 1001 820 1050; x_wconf 84' lang='lat' dir='ltr'>tempora</span> <span class='ocrx_word' id='word_1_55' title='bbox 831 984 889 1034; x_wconf 86' lang='lat' dir='ltr'>fecit</span> <span class='ocrx_word' id='word_1_56' title='bbox 900 1003 908 1043; x_wconf 78' lang='lat'>3</span> 
     </span>
     <span class='ocr_line' id='line_1_10' title="bbox 249 1061 897 1131; baseline -0.002 -18"><span class='ocrx_word' id='word_1_57' title='bbox 249 1063 281 1113; x_wconf 83' lang='lat' dir='ltr'>Et</span> <span class='ocrx_word' id='word_1_58' title='bbox 295 1061 417 1116; x_wconf 78' lang='lat' dir='ltr'>missuma</span> <span class='ocrx_word' id='word_1_59' title='bbox 433 1065 515 1118; x_wconf 79' lang='lat' dir='ltr'>dextra</span> <span class='ocrx_word' id='word_1_60' title='bbox 526 1067 611 1117; x_wconf 79' lang='lat' dir='ltr'>laevam</span> <span class='ocrx_word' id='word_1_61' title='bbox 621 1067 756 1131; x_wconf 82' lang='lat' dir='ltr'>penetravit</span> <span class='ocrx_word' id='word_1_62' title='bbox 765 1067 793 1113; x_wconf 90' lang='lat' dir='ltr'>in</span> <span class='ocrx_word' id='word_1_63' title='bbox 805 1081 897 1112; x_wconf 87' lang='lat' dir='ltr'>aurem.</span> 
     </span>
     <span class='ocr_line' id='line_1_11' title="bbox 248 1143 875 1210; baseline -0.003 -16"><span class='ocrx_word' id='word_1_64' title='bbox 248 1143 348 1208; x_wconf 67' lang='lat' dir='ltr'>Disiys,</span> <span class='ocrx_word' id='word_1_65' title='bbox 363 1145 392 1193; x_wconf 91' lang='lat' dir='ltr'>ab</span> <span class='ocrx_word' id='word_1_66' title='bbox 408 1147 506 1210; x_wconf 83' lang='lat' dir='ltr'>ancipiti</span> <span class='ocrx_word' id='word_1_67' title='bbox 517 1143 623 1210; x_wconf 87' lang='lat' dir='ltr'>delapsus</span> <span class='ocrx_word' id='word_1_68' title='bbox 634 1148 744 1195; x_wconf 80' lang='lat' dir='ltr'>acumine</span> <span class='ocrx_word' id='word_1_69' title='bbox 759 1147 875 1203; x_wconf 86' lang='lat' dir='ltr'>montis,</span> 
     </span>
     <span class='ocr_line' id='line_1_12' title="bbox 248 1219 867 1290; baseline 0.003 -22"><span class='ocrx_word' id='word_1_70' title='bbox 248 1219 317 1272; x_wconf 88' lang='lat' dir='ltr'>Dum</span> <span class='ocrx_word' id='word_1_71' title='bbox 332 1223 395 1288; x_wconf 79' lang='lat' dir='ltr'>sugit</span> <span class='ocrx_word' id='word_1_72' title='bbox 404 1223 530 1274; x_wconf 86' lang='lat' dir='ltr'>instantem</span> <span class='ocrx_word' id='word_1_73' title='bbox 540 1221 659 1290; x_wconf 81' lang='lat' dir='ltr'>trepidans</span> <span class='ocrx_word' id='word_1_74' title='bbox 667 1224 750 1272; x_wconf 80' lang='lat' dir='ltr'>Ixione</span> <span class='ocrx_word' id='word_1_75' title='bbox 761 1237 867 1282; x_wconf 83' lang='lat' dir='ltr'>natum,</span> 
     </span>
     <span class='ocr_line' id='line_1_13' title="bbox 249 1299 881 1368; baseline -0.003 -18"><span class='ocrx_word' id='word_1_76' title='bbox 249 1299 349 1353; x_wconf 80' lang='lat' dir='ltr'>Decidit</span> <span class='ocrx_word' id='word_1_77' title='bbox 360 1304 385 1350; x_wconf 88' lang='lat' dir='ltr'>in</span> <span class='ocrx_word' id='word_1_78' title='bbox 395 1318 496 1368; x_wconf 85' lang='lat' dir='ltr'>praeceps</span> <span class='ocrx_word' id='word_1_79' title='bbox 504 1321 510 1350; x_wconf 73' lang='grc' dir='ltr'><strong>ε</strong></span> <span class='ocrx_word' id='word_1_80' title='bbox 518 1305 542 1351; x_wconf 71' lang='grc' dir='ltr'>δε</span> <span class='ocrx_word' id='word_1_81' title='bbox 555 1299 660 1366; x_wconf 84' lang='lat' dir='ltr'>pondere</span> <span class='ocrx_word' id='word_1_82' title='bbox 670 1303 778 1366; x_wconf 83' lang='lat' dir='ltr'>corporis</span> <span class='ocrx_word' id='word_1_83' title='bbox 790 1316 881 1349; x_wconf 89' lang='lat' dir='ltr'>ornum</span> 
     </span>
    </p>

    <p class='ocr_par' dir='ltr' id='par_1_9' title="bbox 202 1377 827 1444">
     <span class='ocr_line' id='line_1_14' title="bbox 202 1377 827 1444; baseline -0.005 -16"><span class='ocrx_word' id='word_1_84' title='bbox 202 1377 375 1444; x_wconf 59' lang='lat' dir='ltr'>paoingentent</span> <span class='ocrx_word' id='word_1_85' title='bbox 392 1379 482 1443; x_wconf 74' lang='lat' dir='ltr'>fregit,</span> <span class='ocrx_word' id='word_1_86' title='bbox 494 1381 580 1444; x_wconf 83' lang='lat' dir='ltr'>suaque</span> <span class='ocrx_word' id='word_1_87' title='bbox 592 1377 670 1428; x_wconf 89' lang='lat' dir='ltr'>induit</span> <span class='ocrx_word' id='word_1_88' title='bbox 682 1379 724 1429; x_wconf 79' lang='lat' dir='ltr'>ilio</span> <span class='ocrx_word' id='word_1_89' title='bbox 736 1377 827 1427; x_wconf 73' lang='lat' dir='ltr'>frasiae.</span> 
     </span>
    </p>

    <p class='ocr_par' dir='ltr' id='par_1_10' title="bbox 156 1455 941 1756">
     <span class='ocr_line' id='line_1_15' title="bbox 156 1455 941 1524; baseline -0.001 -20"><span class='ocrx_word' id='word_1_90' title='bbox 156 1477 158 1484; x_wconf 69' lang='lat'><em>,</em></span> <span class='ocrx_word' id='word_1_91' title='bbox 249 1456 322 1506; x_wconf 87' lang='lat' dir='ltr'>Ultor</span> <span class='ocrx_word' id='word_1_92' title='bbox 334 1455 398 1507; x_wconf 83' lang='lat' dir='ltr'>adest</span> <span class='ocrx_word' id='word_1_93' title='bbox 414 1459 551 1524; x_wconf 79' lang='lat' dir='ltr'>Aphareus3</span> <span class='ocrx_word' id='word_1_94' title='bbox 568 1460 697 1524; x_wconf 86' lang='lat' dir='ltr'>saxumque</span> <span class='ocrx_word' id='word_1_95' title='bbox 707 1475 719 1508; x_wconf 88' lang='lat' dir='ltr'>e</span> <span class='ocrx_word' id='word_1_96' title='bbox 730 1473 816 1507; x_wconf 80' lang='lat' dir='ltr'>monte</span> <span class='ocrx_word' id='word_1_97' title='bbox 825 1455 941 1509; x_wconf 80' lang='lat' dir='ltr'>revulsum</span> 
     </span>
     <span class='ocr_line' id='line_1_16' title="bbox 248 1534 814 1602; baseline 0 -18"><span class='ocrx_word' id='word_1_98' title='bbox 248 1534 348 1584; x_wconf 76' lang='lat' dir='ltr'>Mittere</span> <span class='ocrx_word' id='word_1_99' title='bbox 364 1549 480 1585; x_wconf 81' lang='lat' dir='ltr'>conatus:</span> <span class='ocrx_word' id='word_1_100' title='bbox 491 1551 619 1586; x_wconf 86' lang='lat' dir='ltr'>conantem</span> <span class='ocrx_word' id='word_1_101' title='bbox 631 1535 708 1600; x_wconf 86' lang='lat' dir='ltr'>stipite</span> <span class='ocrx_word' id='word_1_102' title='bbox 719 1551 814 1602; x_wconf 81' lang='lat' dir='ltr'>querno</span> 
     </span>
     <span class='ocr_line' id='line_1_17' title="bbox 250 1609 853 1682; baseline -0.002 -20"><span class='ocrx_word' id='word_1_103' title='bbox 250 1614 358 1678; x_wconf 78' lang='lat' dir='ltr'>Occupat</span> <span class='ocrx_word' id='word_1_104' title='bbox 378 1609 490 1678; x_wconf 75' lang='lat' dir='ltr'>AEgides,</span> <span class='ocrx_word' id='word_1_105' title='bbox 507 1613 630 1682; x_wconf 84' lang='lat' dir='ltr'>cubitique</span> <span class='ocrx_word' id='word_1_106' title='bbox 642 1616 748 1678; x_wconf 81' lang='lat' dir='ltr'>ingentia</span> <span class='ocrx_word' id='word_1_107' title='bbox 759 1611 853 1678; x_wconf 79' lang='lat' dir='ltr'>frangit</span> 
     </span>
     <span class='ocr_line' id='line_1_18' title="bbox 249 1689 823 1756; baseline -0.002 -15"><span class='ocrx_word' id='word_1_108' title='bbox 249 1691 314 1742; x_wconf 86' lang='lat' dir='ltr'>Ossa.</span> <span class='ocrx_word' id='word_1_109' title='bbox 334 1691 385 1741; x_wconf 93' lang='lat' dir='ltr'>Nec</span> <span class='ocrx_word' id='word_1_110' title='bbox 398 1691 495 1740; x_wconf 75' lang='lat' dir='ltr'>ulterius</span> <span class='ocrx_word' id='word_1_111' title='bbox 508 1689 564 1740; x_wconf 80' lang='lat' dir='ltr'>dare</span> <span class='ocrx_word' id='word_1_112' title='bbox 576 1707 660 1756; x_wconf 85' lang='lat' dir='ltr'>corpus</span> <span class='ocrx_word' id='word_1_113' title='bbox 670 1689 756 1743; x_wconf 84' lang='lat' dir='ltr'>inutile</span> <span class='ocrx_word' id='word_1_114' title='bbox 767 1691 823 1740; x_wconf 87' lang='lat' dir='ltr'>leto-</span> 
     </span>
    </p>

    <p class='ocr_par' dir='ltr' id='par_1_11' title="bbox 202 1769 951 2154">
     <span class='ocr_line' id='line_1_19' title="bbox 202 1769 853 1836; baseline -0.003 -16"><span class='ocrx_word' id='word_1_115' title='bbox 202 1771 296 1832; x_wconf 55' lang='lat' dir='ltr'>{arsut</span> <span class='ocrx_word' id='word_1_116' title='bbox 313 1785 401 1830; x_wconf 85' lang='lat' dir='ltr'>vacat,</span> <span class='ocrx_word' id='word_1_117' title='bbox 415 1784 456 1819; x_wconf 83' lang='lat' dir='ltr'>out</span> <span class='ocrx_word' id='word_1_118' title='bbox 468 1785 535 1819; x_wconf 83' lang='lat' dir='ltr'>curat</span> <span class='ocrx_word' id='word_1_119' title='bbox 544 1788 549 1816; x_wconf 92' lang='lat'>:</span> <span class='ocrx_word' id='word_1_120' title='bbox 559 1785 674 1836; x_wconf 80' lang='lat' dir='ltr'>tergoque</span> <span class='ocrx_word' id='word_1_121' title='bbox 685 1769 794 1819; x_wconf 79' lang='lat' dir='ltr'>Bianoris</span> <span class='ocrx_word' id='word_1_122' title='bbox 807 1769 853 1819; x_wconf 88' lang='lat' dir='ltr'>alti</span> 
     </span>
     <span class='ocr_line' id='line_1_20' title="bbox 248 1847 951 1918; baseline 0 -20"><span class='ocrx_word' id='word_1_123' title='bbox 248 1848 340 1909; x_wconf 83' lang='lat' dir='ltr'>insilit,</span> <span class='ocrx_word' id='word_1_124' title='bbox 361 1847 427 1898; x_wconf 85' lang='lat' dir='ltr'>haud</span> <span class='ocrx_word' id='word_1_125' title='bbox 436 1849 509 1898; x_wconf 87' lang='lat' dir='ltr'>solito</span> <span class='ocrx_word' id='word_1_126' title='bbox 520 1865 668 1915; x_wconf 87' lang='lat' dir='ltr'>quemquam</span> <span class='ocrx_word' id='word_1_127' title='bbox 676 1863 787 1914; x_wconf 85' lang='lat' dir='ltr'>portate,</span> <span class='ocrx_word' id='word_1_128' title='bbox 797 1853 843 1898; x_wconf 85' lang='lat' dir='ltr'>nisi</span> <span class='ocrx_word' id='word_1_129' title='bbox 856 1851 951 1918; x_wconf 57' lang='lat' dir='ltr'>ipsunt</span> 
     </span>
     <span class='ocr_line' id='line_1_21' title="bbox 249 1921 859 1997; baseline 0 -19"><span class='ocrx_word' id='word_1_130' title='bbox 249 1931 415 1997; x_wconf 76' lang='lat' dir='ltr'>opposuitque</span> <span class='ocrx_word' id='word_1_131' title='bbox 426 1945 487 1995; x_wconf 86' lang='lat' dir='ltr'>genu</span> <span class='ocrx_word' id='word_1_132' title='bbox 500 1927 568 1978; x_wconf 83' lang='lat' dir='ltr'>costis</span> <span class='ocrx_word' id='word_1_133' title='bbox 581 1947 587 1976; x_wconf 81' lang='lat' dir='ltr'>a</span> <span class='ocrx_word' id='word_1_134' title='bbox 600 1921 859 1994; x_wconf 79' lang='lat' dir='ltr'>prensamque&#39;sinistrti</span> 
     </span>
     <span class='ocr_line' id='line_1_22' title="bbox 250 2008 874 2074; baseline 0 -16"><span class='ocrx_word' id='word_1_135' title='bbox 250 2008 379 2058; x_wconf 77' lang='lat' dir='ltr'>Caesarirr&#39;n</span> <span class='ocrx_word' id='word_1_136' title='bbox 392 2013 494 2060; x_wconf 83' lang='lat' dir='ltr'>retinens</span> <span class='ocrx_word' id='word_1_137' title='bbox 507 2043 515 2068; x_wconf 91' lang='lat'>‚</span> <span class='ocrx_word' id='word_1_138' title='bbox 526 2009 622 2058; x_wconf 80' lang='lat' dir='ltr'>vultum</span> <span class='ocrx_word' id='word_1_139' title='bbox 634 2011 818 2074; x_wconf 76' lang='lat' dir='ltr'>minitantiaque</span> <span class='ocrx_word' id='word_1_140' title='bbox 828 2023 874 2058; x_wconf 83' lang='lat' dir='ltr'>oea</span> 
     </span>
     <span class='ocr_line' id='line_1_23' title="bbox 250 2084 891 2154; baseline -0.002 -19"><span class='ocrx_word' id='word_1_141' title='bbox 250 2087 346 2136; x_wconf 89' lang='lat' dir='ltr'>Robore</span> <span class='ocrx_word' id='word_1_142' title='bbox 357 2085 470 2147; x_wconf 85' lang='lat' dir='ltr'>nodoso,</span> <span class='ocrx_word' id='word_1_143' title='bbox 486 2084 640 2154; x_wconf 70' lang='lat' dir='ltr'>praeduraque</span> <span class='ocrx_word' id='word_1_144' title='bbox 658 2101 787 2152; x_wconf 84' lang='lat' dir='ltr'>tempora,</span> <span class='ocrx_word' id='word_1_145' title='bbox 806 2085 891 2152; x_wconf 80' lang='lat' dir='ltr'>fregit.</span> 
     </span>
    </p>

    <p class='ocr_par' dir='ltr' id='par_1_12' title="bbox 202 2163 953 2549">
     <span class='ocr_line' id='line_1_24' title="bbox 202 2163 887 2232; baseline 0.003 -20"><span class='ocrx_word' id='word_1_146' title='bbox 202 2165 349 2232; x_wconf 62' lang='lat' dir='ltr'>350ii&#39;obore</span> <span class='ocrx_word' id='word_1_147' title='bbox 361 2163 532 2227; x_wconf 83' lang='lat' dir='ltr'>Nedymnum,</span> <span class='ocrx_word' id='word_1_148' title='bbox 548 2165 757 2230; x_wconf 80' lang='lat' dir='ltr'>jaculatoremque·</span> <span class='ocrx_word' id='word_1_149' title='bbox 771 2165 887 2226; x_wconf 85' lang='lat' dir='ltr'>Lycotan·</span> 
     </span>
     <span class='ocr_line' id='line_1_25' title="bbox 249 2239 877 2308; baseline 0 -16"><span class='ocrx_word' id='word_1_150' title='bbox 249 2245 353 2302; x_wconf 82' lang='lat' dir='ltr'>Sternit,</span> <span class='ocrx_word' id='word_1_151' title='bbox 376 2245 402 2290; x_wconf 73' lang='lat' dir='ltr'>oc</span> <span class='ocrx_word' id='word_1_152' title='bbox 419 2243 525 2291; x_wconf 72' lang='lat' dir='ltr'>immissa</span> <span class='ocrx_word' id='word_1_153' title='bbox 537 2245 672 2308; x_wconf 66' lang='lat' dir='ltr'>protentum</span> <span class='ocrx_word' id='word_1_154' title='bbox 688 2239 782 2308; x_wconf 72' lang='lat' dir='ltr'>persora</span> <span class='ocrx_word' id='word_1_155' title='bbox 799 2241 877 2292; x_wconf 61' lang='lat' dir='ltr'>barba</span> 
     </span>
     <span class='ocr_line' id='line_1_26' title="bbox 248 2321 882 2388; baseline 0 -18"><span class='ocrx_word' id='word_1_156' title='bbox 248 2321 389 2388; x_wconf 77' lang='lat' dir='ltr'>Hippason,</span> <span class='ocrx_word' id='word_1_157' title='bbox 403 2323 427 2370; x_wconf 73' lang='lat' dir='ltr'>dc</span> <span class='ocrx_word' id='word_1_158' title='bbox 443 2322 541 2370; x_wconf 80' lang='lat' dir='ltr'>summis</span> <span class='ocrx_word' id='word_1_159' title='bbox 553 2321 680 2371; x_wconf 76' lang='lat' dir='ltr'>exstantem</span> <span class='ocrx_word' id='word_1_160' title='bbox 694 2321 785 2386; x_wconf 77' lang='lat' dir='ltr'>Riphea</span> <span class='ocrx_word' id='word_1_161' title='bbox 796 2321 882 2381; x_wconf 80' lang='lat' dir='ltr'>silvis3</span> 
     </span>
     <span class='ocr_line' id='line_1_27' title="bbox 249 2401 953 2469; baseline -0.001 -19"><span class='ocrx_word' id='word_1_162' title='bbox 249 2401 390 2469; x_wconf 87' lang='lat' dir='ltr'>Tereaque,</span> <span class='ocrx_word' id='word_1_163' title='bbox 405 2401 537 2452; x_wconf 62' lang='lat' dir='ltr'>Hemoniis</span> <span class='ocrx_word' id='word_1_164' title='bbox 552 2405 611 2468; x_wconf 89' lang='lat' dir='ltr'>qui,</span> <span class='ocrx_word' id='word_1_165' title='bbox 626 2404 722 2468; x_wconf 79' lang='lat' dir='ltr'>prensos</span> <span class='ocrx_word' id='word_1_166' title='bbox 733 2404 882 2464; x_wconf 82' lang='lat' dir='ltr'>montibus,</span> <span class='ocrx_word' id='word_1_167' title='bbox 890 2405 953 2450; x_wconf 76' lang='lat' dir='ltr'>ursos</span> 
     </span>
     <span class='ocr_line' id='line_1_28' title="bbox 248 2477 848 2549; baseline 0.003 -21"><span class='ocrx_word' id='word_1_168' title='bbox 248 2480 317 2529; x_wconf 80' lang='lat' dir='ltr'>Ferre</span> <span class='ocrx_word' id='word_1_169' title='bbox 329 2477 430 2530; x_wconf 85' lang='lat' dir='ltr'>domum</span> <span class='ocrx_word' id='word_1_170' title='bbox 446 2485 513 2532; x_wconf 84' lang='lat' dir='ltr'>vivos</span> <span class='ocrx_word' id='word_1_171' title='bbox 529 2481 728 2549; x_wconf 64' lang='lat' dir='ltr'>indignantesque</span> <span class='ocrx_word' id='word_1_172' title='bbox 744 2482 848 2532; x_wconf 82' lang='lat' dir='ltr'>solebat.</span> 
     </span>
    </p>

    <p class='ocr_par' dir='ltr' id='par_1_13' title="bbox 204 2557 877 2782">
     <span class='ocr_line' id='line_1_29' title="bbox 204 2557 877 2626; baseline 0.004 -20"><span class='ocrx_word' id='word_1_173' title='bbox 204 2567 246 2612; x_wconf 74' lang='lat'>355</span> <span class='ocrx_word' id='word_1_174' title='bbox 284 2557 355 2608; x_wconf 84' lang='lat' dir='ltr'>Haud</span> <span class='ocrx_word' id='word_1_175' title='bbox 367 2557 423 2608; x_wconf 88' lang='lat' dir='ltr'>tulit</span> <span class='ocrx_word' id='word_1_176' title='bbox 433 2575 539 2609; x_wconf 84' lang='lat' dir='ltr'>utentem</span> <span class='ocrx_word' id='word_1_177' title='bbox 551 2577 635 2626; x_wconf 82' lang='lat' dir='ltr'>pugnae</span> <span class='ocrx_word' id='word_1_178' title='bbox 651 2557 877 2609; x_wconf 64' lang='lat' dir='ltr'>strccessibus⁸trltra</span> 
     </span>
     <span class='ocr_line' id='line_1_30' title="bbox 243 2629 870 2705; baseline 0.005 -19"><span class='ocrx_word' id='word_1_179' title='bbox 243 2638 344 2690; x_wconf 73' lang='lat' dir='ltr'>‘Thesea</span> <span class='ocrx_word' id='word_1_180' title='bbox 357 2629 511 2688; x_wconf 61' lang='lat' dir='ltr'>Demoleos:</span> <span class='ocrx_word' id='word_1_181' title='bbox 524 2637 649 2705; x_wconf 89' lang='lat' dir='ltr'>solidoque</span> <span class='ocrx_word' id='word_1_182' title='bbox 660 2639 775 2689; x_wconf 78' lang='lat' dir='ltr'>revellere</span> <span class='ocrx_word' id='word_1_183' title='bbox 784 2637 870 2689; x_wconf 81' lang='lat' dir='ltr'>dumo</span> 
     </span>
     <span class='ocr_line' id='line_1_31' title="bbox 250 2717 812 2782; baseline -0.004 -14"><span class='ocrx_word' id='word_1_184' title='bbox 250 2718 375 2768; x_wconf 76' lang='lat' dir='ltr'>Annosarn</span> <span class='ocrx_word' id='word_1_185' title='bbox 384 2721 469 2782; x_wconf 80' lang='lat' dir='ltr'>pinum·</span> <span class='ocrx_word' id='word_1_186' title='bbox 482 2733 573 2782; x_wconf 78' lang='lat' dir='ltr'>magno</span> <span class='ocrx_word' id='word_1_187' title='bbox 583 2717 708 2766; x_wconf 88' lang='lat' dir='ltr'>molimine</span> <span class='ocrx_word' id='word_1_188' title='bbox 721 2733 812 2766; x_wconf 85' lang='lat' dir='ltr'>tentat:</span> 
     </span>
    </p>

    <p class='ocr_par' dir='ltr' id='par_1_14' title="bbox 202 2787 956 3077">
     <span class='ocr_line' id='line_1_32' title="bbox 250 2787 956 2856; baseline 0.004 -20"><span class='ocrx_word' id='word_1_189' title='bbox 250 2787 326 2848; x_wconf 82' lang='lat' dir='ltr'>Quod</span> <span class='ocrx_word' id='word_1_190' title='bbox 338 2793 393 2855; x_wconf 85' lang='lat' dir='ltr'>quia</span> <span class='ocrx_word' id='word_1_191' title='bbox 405 2807 453 2840; x_wconf 89' lang='lat' dir='ltr'>non</span> <span class='ocrx_word' id='word_1_192' title='bbox 467 2793 563 2856; x_wconf 85' lang='lat' dir='ltr'>potuit,</span> <span class='ocrx_word' id='word_1_193' title='bbox 577 2791 726 2855; x_wconf 71' lang='lat' dir='ltr'>ptaesrastarn·</span> <span class='ocrx_word' id='word_1_194' title='bbox 734 2795 800 2840; x_wconf 83' lang='lat' dir='ltr'>misit</span> <span class='ocrx_word' id='word_1_195' title='bbox 812 2794 841 2844; x_wconf 89' lang='lat' dir='ltr'>in</span> <span class='ocrx_word' id='word_1_196' title='bbox 853 2793 956 2843; x_wconf 75' lang='lat' dir='ltr'>hostem.</span> 
     </span>
     <span class='ocr_line' id='line_1_33' title="bbox 250 2865 839 2933; baseline 0.003 -17"><span class='ocrx_word' id='word_1_197' title='bbox 250 2865 298 2917; x_wconf 83' lang='lat' dir='ltr'>Sed</span> <span class='ocrx_word' id='word_1_198' title='bbox 309 2867 417 2933; x_wconf 80' lang='lat' dir='ltr'>procusa</span> <span class='ocrx_word' id='word_1_199' title='bbox 428 2867 479 2917; x_wconf 84' lang='lat' dir='ltr'>telo</span> <span class='ocrx_word' id='word_1_200' title='bbox 489 2869 593 2918; x_wconf 87' lang='lat' dir='ltr'>Theseus</span> <span class='ocrx_word' id='word_1_201' title='bbox 605 2873 715 2918; x_wconf 74' lang='lat' dir='ltr'>veniente</span> <span class='ocrx_word' id='word_1_202' title='bbox 726 2873 839 2926; x_wconf 83' lang='lat' dir='ltr'>recessit,</span> 
     </span>
     <span class='ocr_line' id='line_1_34' title="bbox 202 2937 824 3013; baseline 0.003 -18"><span class='ocrx_word' id='word_1_203' title='bbox 202 2945 360 3010; x_wconf 73' lang='lat' dir='ltr'>3soPallados</span> <span class='ocrx_word' id='word_1_204' title='bbox 375 2945 501 2998; x_wconf 83' lang='lat' dir='ltr'>admonitu</span> <span class='ocrx_word' id='word_1_205' title='bbox 514 2966 520 2995; x_wconf 74' lang='grc' dir='ltr'><strong><em>ε</em></strong></span> <span class='ocrx_word' id='word_1_206' title='bbox 534 2945 642 2997; x_wconf 81' lang='lat' dir='ltr'>creditit</span> <span class='ocrx_word' id='word_1_207' title='bbox 654 2949 702 3013; x_wconf 85' lang='lat' dir='ltr'>ipse</span> <span class='ocrx_word' id='word_1_208' title='bbox 713 2937 824 2997; x_wconf 77' lang='lat' dir='ltr'>uolebat.¹</span> 
     </span>
     <span class='ocr_line' id='line_1_35' title="bbox 230 3021 946 3077; baseline 0 -4"><span class='ocrx_word' id='word_1_209' title='bbox 230 3027 233 3034; x_wconf 82' lang='grc'>’</span> <span class='ocrx_word' id='word_1_210' title='bbox 252 3022 311 3073; x_wconf 81' lang='lat' dir='ltr'>Nou</span> <span class='ocrx_word' id='word_1_211' title='bbox 329 3037 409 3074; x_wconf 78' lang='lat' dir='ltr'>samen</span> <span class='ocrx_word' id='word_1_212' title='bbox 424 3024 493 3076; x_wconf 77' lang='lat' dir='ltr'>arbor</span> <span class='ocrx_word' id='word_1_213' title='bbox 505 3025 568 3076; x_wconf 84' lang='lat' dir='ltr'>iuets</span> <span class='ocrx_word' id='word_1_214' title='bbox 578 3021 667 3076; x_wconf 71' lang='lat' dir='ltr'>cetius</span> <span class='ocrx_word' id='word_1_215' title='bbox 676 3039 683 3075; x_wconf 83' lang='lat' dir='ltr'>s</span> <span class='ocrx_word' id='word_1_216' title='bbox 694 3022 895 3077; x_wconf 84' lang='lat' dir='ltr'>uamCtautoris</span> <span class='ocrx_word' id='word_1_217' title='bbox 905 3025 946 3074; x_wconf 68' lang='lat' dir='ltr'>aiti</span> 
     </span>
    </p>
   </div>
   <div class='ocr_carea' id='block_1_3' title="bbox 0 0 1027 3714">
    <p class='ocr_par' dir='ltr' id='par_1_15' title="bbox 0 0 1027 3714">
     <span class='ocr_line' id='line_1_36' title="bbox 0 0 1027 3714; baseline 0 0"><span class='ocrx_word' id='word_1_218' title='bbox 0 0 1027 3714; x_wconf 95' lang='lat' dir='ltr'> </span> 
     </span>
    </p>
   </div>
  </div>
 </body>
</html>
