2078 3708
142 235 562 336 nraianonnosnon
575 251 690 330 L'Vr.
720 282 781 327 121

77 385 149 438 Pallas
159 400 232 438 anum
244 385 340 434 simulat
352 404 357 432 :
370 381 488 450 salsosque
502 385 527 433 in
540 393 649 447 tempora
659 396 731 430 canor

77 463 166 523 Addit,
182 470 207 514 bt
221 463 329 514 infirmos
341 462 427 512 baculo
443 479 539 532 quoque
550 457 647 510 sustinet
661 475 732 510 artus.

77 541 136 591 Tum
147 545 243 593 uicorsa
256 542 324 608 loqui
336 559 342 590 ε
354 541 412 591 Non
423 544 505 591 ornnia
517 537 630 605 grandior
640 554 713 596 etas,

77 621 132 680 Quae
144 620 263 685 fugiamus
276 655 284 680 ‚
300 621 373 670 habet
384 637 391 667 t
402 621 460 668 seris
469 623 536 669 venit
546 620 599 667 usus
609 617 640 669 ab
650 620 725 666 annis.

78 697 210 746 Consilium
221 713 252 746 ne
264 697 346 762 sperne
357 709 439 745 meum
450 715 456 745 ε
469 698 513 745 ribi
526 696 590 746 fama
601 709 694 762 petatur
810 697 839 743 30

76 775 135 824 inter
147 775 261 824 mortales
273 773 388 824 facienda
400 777 504 824 maxima
518 773 586 823 lanae.

76 851 136 902 Cede
149 853 206 901 Dea
218 871 224 900 ε
237 855 383 918 veniamque
393 855 439 902 tuis
450 857 574 902 temeraria
584 851 652 916 diliis

77 929 179 994 'Supplice
188 947 249 980 voce
260 945 321 994 roga
332 947 338 978 ε
350 933 444 979 veniam
456 928 522 979 tiabit
532 929 575 980 illa
588 932 691 996 roganti.

76 1010 158 1072 Aspicit
168 1012 228 1056 hanc
240 1011 317 1058 torvis
329 1042 337 1066 ‚
355 1011 497 1074 inceptaque
508 1004 549 1057 fila
559 1007 673 1074 relinquit
683 1027 690 1068 3

76 1086 162 1152 Vixque
171 1103 272 1134 manum
283 1089 402 1144 retinens,
413 1081 565 1150 confessaque
573 1086 764 1148 vultibueiram,
810 1095 836 1140 ὃς

77 1165 168 1213 Talibus
178 1165 308 1213 obscuram
320 1165 424 1212 resecuta
435 1163 467 1211 est
477 1161 574 1212 Pallada
585 1161 668 1212 diuis:

76 1241 160 1291 Mentis
169 1246 253 1307 inope,
274 1240 397 1306 longique
406 1243 472 1291 venis
484 1239 591 1290 confecia
603 1241 708 1301 scutelle

77 1320 105 1369 Et
115 1321 214 1370 nimium
226 1315 314 1370 vixisse
326 1317 367 1372 diu
377 1334 450 1368 nocet
461 1338 467 1368 e
480 1317 561 1368 audiat
570 1319 624 1369 istas
636 1355 644 1378 ,

77 1400 98 1446 Si
110 1416 154 1464 qua
165 1401 207 1448 tibi
217 1414 294 1448 nurus
306 1398 352 1452 est,
365 1399 387 1446 ti
399 1413 445 1464 qua
455 1397 489 1446 eii
499 1398 543 1446 tibi
555 1395 604 1446 filla
612 1433 620 1458 ‚
629 1409 711 1448 vocer.
746 1463 750 1470 ‚

76 1473 174 1525 Consilii
185 1479 239 1526 satis
251 1477 324 1525 estin
335 1491 373 1525 me
384 1477 443 1524 mihi
456 1494 462 1524 t
474 1487 533 1526 neve
548 1475 670 1527 monendo
807 1493 843 1538 40

79 1551 197 1602 Profeeille
206 1565 297 1619 putee,
315 1551 397 1602 eadem
408 1554 523 1603 sententia
534 1556 612 1604 nobie.

79 1628 126 1678 Cur
135 1644 183 1682 non
192 1634 242 1697 ipsa
253 1633 342 1681 venit?
352 1634 453 1680 curbae
464 1637 595 1683 certamine
604 1628 685 1684 vitati
780 1667 782 1670 -

79 1705 138 1757 Tum
147 1709 198 1759 Dea
206 1745 214 1770 ,
222 1710 318 1768 Venit,
330 1711 378 1759 ait:
390 1708 542 1776 formamque
553 1715 658 1762 removit
669 1712 776 1768 anilem,

80 1785 216 1854 Palladaque
226 1788 346 1836 exhibuit.
358 1787 507 1838 Venerantur
516 1791 617 1838 numina
627 1789 748 1861 Nymphae
758 1825 766 1850 ‚

79 1861 284 1931 Mygdonidesque
294 1880 366 1914 nurus
375 1883 382 1912 e
393 1863 443 1912 sola
452 1865 485 1913 est
494 1879 543 1914 non
561 1869 642 1914 territa
652 1869 720 1930 virgo
730 1884 738 1926 3
812 1895 841 1939 ,45

80 1939 123 1989 Sed
134 1957 211 1992 tamen
224 1944 341 2002 erubuit,
358 1941 496 2006 subitusque
509 1945 584 1991 invita
595 1945 689 1992 notavit

79 2017 125 2067 Ora
135 2020 205 2068 rubor
216 2037 224 2078 3
236 2021 364 2085 rursusque
376 2021 480 2070 evanuit.
494 2017 528 2068 Ut
541 2019 603 2068 solet
615 2025 654 2068 a'e'r

80 2095 205 2162 Purpureus
217 2097 290 2156 sieri,
307 2097 362 2146 cum
376 2095 482 2162 prinnina
493 2098 585 2146 Aurora
596 2113 724 2158 moveram

81 2172 110 2222 Et
122 2176 189 2226 breve
202 2175 256 2240 post
267 2189 361 2239 ternpus
375 2171 514 2223 candescere
525 2175 587 2224 Solis
598 2175 627 2224 ab
640 2179 696 2226 iiiu.

80 2251 163 2302 Perstat
172 2257 198 2302 in
208 2257 327 2318 incepto,
345 2251 482 2318 stolidaeque
493 2251 603 2318 cupidine
614 2254 699 2318 palmae
814 2271 844 2318 50

80 2329 106 2378 ln
116 2331 155 2379 sua
165 2329 214 2380 sara
225 2333 284 2378 ruit.
297 2328 382 2396 Neque
393 2333 456 2379 enirn
467 2331 526 2380 Jove
536 2343 592 2380 nata
603 2333 694 2381 recusat
705 2347 711 2382 e

80 2404 129 2454 Nec
137 2411 224 2456 inonet
234 2407 333 2456 ulterius
345 2424 351 2454 ε
362 2423 406 2456 nec
416 2410 464 2472 lam
476 2411 607 2456 certamina
616 2405 707 2459 differt.
791 2420 793 2424 ’

79 2481 149 2533 Haud
160 2500 230 2535 mora
244 2503 251 2533 ε
266 2483 397 2534 consistunt
408 2483 504 2534 diversis
514 2486 620 2549 partibus
631 2488 722 2544 ambae,

79 2557 109 2608 Et
120 2562 203 2625 gracili
216 2564 323 2626 geminae
334 2559 463 2612 intendunt
475 2561 573 2612 stamine
589 2565 656 2615 telas.

80 2637 138 2687 Tela
147 2643 206 2704 jugo
215 2640 295 2690 vinna
306 2639 339 2688 est
351 2639 457 2688 :stamen
469 2640 568 2690 secernit
578 2640 670 2692 arundo
682 2661 688 2692 t
814 2665 842 2715 55

80 2715 190 2766 inseritur
200 2713 309 2766 medium
322 2713 392 2766 radiis
405 2717 529 2766 subtemen
539 2721 633 2772 acutis,

80 2791 153 2852 Quod
164 2791 236 2859 digiti
246 2791 391 2858 expediunt,
403 2808 473 2860 atque
484 2797 546 2842 inter
556 2793 655 2844 stamina
666 2793 763 2850 dullum

80 2868 190 2920 Percullo
200 2870 289 2919 feriunt
300 2871 380 2919 inseili
393 2873 483 2935 pestine
494 2867 585 2921 dentes.

81 2947 188 3012 Utraque
200 2948 311 2998 festinant
321 2967 327 2996 ι
338 2950 466 3014 einstaeque
476 2945 506 2998 ad
517 2951 611 3014 peilora
621 2951 693 3002 vestes

120 3027 188 3077 Tem.
208 3027 252 3076 11.
672 3029 691 3078 F
