2056 3706
221 271 268 336 74
370 243 413 312 P.
446 241 600 308 Ournrt
633 234 831 304 Nasonis

221 369 348 436 corporat
365 369 390 418 δι
406 377 532 430 acceptum
548 359 635 426 patulis
653 373 718 406 mare
738 355 838 405 naribus
860 352 954 403 efflant

219 448 259 497 De
276 443 352 496 modo
368 443 476 508 viginti,
492 454 529 490 tot
544 441 609 488 enim
624 439 681 486 ratis
696 433 739 484 iila
753 431 866 490 ferebat,

221 526 346 576 Restabant
361 522 425 572 solus
440 539 446 570 e
464 515 595 586 pavidum,
613 511 769 580 gelidumque
784 511 905 559 trementi

221 603 349 668 Corpore,
360 603 448 666 vixque
456 613 537 648 meum
546 593 715 651 firmereus,
727 589 833 647 Excute,
843 585 949 642 dicens,

172 681 305 742 690Corde
321 693 430 733 metum,
446 677 567 741 Diamque
582 687 645 722 tene.
661 669 761 718 Delatus
778 670 803 716 in
819 666 915 726 illam,

221 763 332 812 Accensit
350 761 412 817 aris,
429 755 546 805 Baccheia
563 753 628 800 sacra
645 747 782 814 frequento.

222 839 368 888 Praebuimue
384 835 463 899 longis
480 833 599 882 Pentheus
615 827 755 891 ambagibus
773 840 860 883 aurea,

221 917 323 982 Inquir,
339 929 366 967 ut
380 917 416 964 ira
432 909 501 960 mori
514 912 577 960 viret
593 903 708 956 affumere
723 900 808 970 poffet.

222 996 370 1060 Praecipitem
388 990 473 1040 famuli
489 991 565 1052 rapite
583 990 646 1034 hunc
663 1003 670 1034 t
687 984 839 1046 cruciataque
852 977 916 1028 diris

172 1071 332 1136 ⁶95Corpora
348 1071 474 1120 tormentis
492 1067 579 1128 Stygia
598 1061 720 1114 demittite
735 1061 809 1110 nodi.

221 1151 332 1200 Protinus
347 1149 472 1200 abstradius
487 1141 570 1194 solidis
585 1142 724 1204 Tyrrhenus
740 1140 836 1187 Acoetes

221 1225 351 1278 Clauditur
363 1229 390 1276 in
404 1226 469 1274 tediis
487 1241 493 1272 t
511 1225 536 1271 δι
554 1218 613 1269 dum
629 1216 735 1268 crudelia
752 1214 818 1282 juffae

222 1304 380 1356 instrumenta
390 1305 472 1362 necis,
485 1303 621 1364 ferrumque
631 1300 756 1362 ignisque,
768 1311 884 1360 parantur
897 1315 907 1355 3

222 1384 312 1448 Sponte
326 1382 367 1434 sui
383 1376 482 1447 pacuiffe
500 1378 579 1430 fores,
596 1376 718 1440 lapsasque
734 1375 828 1424 lacertis

173 1463 313 1526 7008ponte
328 1460 389 1521 sua,
404 1458 470 1510 fama
484 1456 536 1512 est.
551 1453 620 1506 nullo
636 1453 765 1514 inivente,
783 1468 891 1505 catenae.

255 1615 343 1666 Perstat
357 1611 503 1668 Echionides
518 1630 524 1660 ε
540 1628 584 1662 nec
601 1615 650 1677 iarn
665 1612 732 1676 jubet
749 1613 802 1670 ire,
820 1608 862 1659 sed
879 1611 931 1676 ipse

223 1694 316 1755 Vadit,
331 1696 390 1752 ubi,
407 1694 493 1744 elediut
511 1689 621 1741 facienda
635 1689 666 1740 ad
681 1692 763 1749 sacta,
780 1681 910 1738 Cithaeron

224 1774 343 1824 Cantibus
360 1777 384 1822 δι
404 1771 469 1824 clari
484 1772 643 1820 bacchantum
659 1783 719 1818 voce
738 1768 846 1816 sonabat.
950 1813 953 1820 ,

224 1853 259 1906 Ur
270 1853 352 1902 fremit
363 1867 416 1902 acer
430 1866 522 1916 equus,
537 1849 592 1898 crint
604 1847 704 1896 bellicus
717 1861 762 1895 aere
774 1862 865 1894 canoro

176 1933 296 2000 705Signa
307 1929 375 1982 dedit
386 1931 500 1988 tubicent
511 1943 642 1994 pugnaque
654 1923 761 1974 assumsit
772 1939 899 1982 amorrrna

225 2013 330 2065 Penthea
339 2013 371 2060 sic
383 2011 441 2060 icius
453 2007 531 2072 longia
543 2005 671 2054 ululatibus
685 2005 759 2054 ether

225 2091 307 2141 Movit
319 2109 324 2138 r
338 2085 457 2138 &audito
467 2084 578 2148 clangore
590 2079 714 2132 recanduit
724 2084 768 2130 ira.

226 2169 313 2220 Monte
327 2164 374 2216 ieri
387 2161 469 2214 medio
480 2161 529 2221 est,
544 2161 694 2226 cingentibus
707 2159 793 2208 ultima
804 2157 888 2216 silvis,

226 2248 301 2300 Purus
311 2246 341 2294 ab
351 2243 490 2294 arboriburs
502 2240 635 2306 spectabilis
646 2237 769 2304 undique,
781 2253 889 2302 campus.

179 2324 274 2385 7toHic
285 2322 362 2374 oculis
373 2320 443 2370 illum
454 2333 592 2368 cernentem
602 2319 666 2366 sacta
677 2317 782 2383 profanis

227 2403 305 2454 Prima
315 2398 400 2460 videt,
412 2400 490 2464 prima
499 2396 532 2448 est
541 2397 627 2446 insano
635 2399 731 2446 concita
741 2411 829 2450 motu,

227 2481 307 2529 Prima
317 2480 386 2528 suurn
399 2473 470 2526 misso
481 2474 582 2525 violavit
593 2475 697 2524 Penthea
707 2476 790 2536 thyrso

226 2559 307 2609 Mater
318 2575 325 2606 e
337 2556 381 2614 Io,
394 2556 494 2618 geminae
506 2587 514 2612 ,
527 2552 661 2612 clunavit,
676 2549 753 2600 adeste
765 2551 869 2600 sorores.

228 2637 273 2692 Ille
284 2651 339 2702 aper
350 2669 358 2694 ,
368 2636 395 2682 in
409 2631 495 2682 nostris
507 2645 570 2680 errat
581 2633 624 2696 qui
638 2633 755 2678 maxinme
769 2631 849 2694 agris,

180 2715 271 2777 7tsille
286 2715 346 2763 mihi
357 2707 476 2760 feriendus
485 2725 551 2774 aper.
565 2709 623 2758 Ruit
633 2711 713 2756 omnis
724 2711 749 2757 in
763 2723 839 2756 unum

229 2793 311 2843 Turba
321 2789 401 2840 furens
415 2789 521 2840 :cunda
532 2791 636 2841 coe'unr,
650 2789 786 2851 cundaque
798 2788 950 2853 sequuntur,

229 2871 281 2920 Janr
293 2866 430 2934 trepidum,
441 2870 491 2931 jam
502 2865 574 2916 verba
585 2863 663 2914 minuit
672 2864 779 2915 violenta
788 2865 950 2930 loquentem,

229 2950 283 3002 Jaru
294 2949 317 3000 se
326 2945 500 3008 damnantem,
511 2947 562 3010 jatn
572 2945 595 2992 se
605 2941 712 3010 peccaffe
723 2942 850 2994 fatentem.
