2078 3708
227 281 293 352 160
310 291 324 350 .“
371 275 415 349 Ρ.
435 276 593 348 Orrnrr
616 277 819 348 Nasours’

223 404 356 469 Concipit,
373 400 493 452 &fundit
510 415 596 468 purum
612 403 675 450 inter
688 417 780 452 cornua
794 403 907 474 vinum..

174 481 293 550 595Haud
307 484 439 547 exspetlato
453 479 590 530 ceciderunt
600 480 697 529 vulnere
711 479 790 528 tauri!

222 563 275 628 lpse
292 578 338 628 ego
352 563 416 610 saera
434 560 487 610 lovi
497 577 541 624 pro
552 576 604 618 me,
617 557 755 624 patrissqun
770 556 899 620 tribusque

222 639 289 690 cum
303 639 406 688 facerem
423 641 500 696 natis,
517 641 622 703 mugitus
636 639 731 686 vistima
749 634 819 684 diros

222 717 306 768 Edidit
318 737 324 766 r
338 723 361 767 δι
371 715 450 766 subito
461 717 564 782 collapsa
577 751 584 776 ‚
597 719 646 764 sine
656 717 741 764 iffibus
751 713 829 770 ullis,

221 797 313 861 Exiguo
332 796 527 858 tinxitsubietios
543 795 655 858 sanguine
673 791 772 842 cultros.

174 875 291 924 coofibra
311 890 407 939 quoque
421 887 483 938 egra
496 888 565 921 notas
575 875 643 929 veri,
655 874 810 936 monitusque
822 870 934 922 Deorum

221 951 376 1002 Prodiderat:
387 953 461 1001 tristes
476 965 602 1015 penetrant
616 949 646 998 ad
658 951 747 998 viscera
757 951 852 998 morbi.

220 1031 282 1080 Ante
292 1031 369 1080 sacros
378 1029 428 1079 vidi
439 1031 542 1094 projesta
553 1026 670 1078 cadavera
680 1027 755 1093 postes
766 1047 773 1076 r

220 1109 287 1164 Ante.
303 1110 363 1173 ipsas
376 1143 384 1167 ‚
396 1125 446 1174 qno
459 1124 523 1156 mors
541 1108 604 1156 foret
617 1105 780 1164 invidiosior,
795 1123 859 1157 aras.

221 1187 277 1236 Pars
294 1191 400 1236 animam
416 1186 501 1252 laqueo
515 1184 650 1245 claudunt,
667 1188 800 1251 mortisque
812 1189 932 1236 timorem

173 1263 302 1323 605Morte
320 1264 404 1330 fugant
416 1298 423 1322 ‚
438 1263 550 1328 ultroque
560 1267 777 1313 vocantverrientia
789 1264 851 1314 fata.

221 1342 332 1407 Corpora
344 1340 414 1392 milla
428 1346 482 1391 neci
494 1341 567 1391 nullis
577 1340 608 1390 de
620 1359 687 1391 more
703 1342 812 1391 feruntur

220 1419 365 1468 Funeribus:
378 1424 528 1486 nequeenim
544 1422 669 1485 capiebant
680 1420 762 1470 fitnera
773 1435 862 1485 porte.

219 1499 268 1547 Aut
277 1501 401 1548 inhumata
411 1514 523 1563 premunt
533 1515 603 1548 terras
616 1517 622 1546 e
634 1513 675 1547 aut
684 1495 771 1548 dantur
787 1502 814 1548 in
830 1498 897 1550 altos

221 1573 332 1625 lndotata
352 1593 432 1640 rogos.
447 1576 477 1624 Et
494 1579 542 1638 iarn
554 1579 684 1625 reverentia
696 1576 763 1625 nulla
778 1577 829 1636 est,

173 1652 304 1718 sroDeqoe
321 1657 384 1716 rogis
395 1668 518 1718 pugnant,
536 1653 666 1717 alienisque
680 1655 774 1718 ignibus
789 1653 898 1706 ardena·

220 1729 268 1790 Qui
288 1730 434 1793 lacryment,
451 1729 535 1780 desunt
545 1730 723 1797 :indefletaeque
738 1747 858 1798 vagantur

219 1807 336 1858 Natarum
351 1822 503 1874 matrumque
513 1812 611 1863 anima,
624 1814 783 1876 iuvenumque
794 1811 939 1876 senumque.

219 1885 271 1936 Nec
285 1885 352 1936 locus
365 1890 392 1936 iu
405 1885 530 1947 tumulos,
545 1903 590 1937 nec
600 1885 687 1936 suffieit
697 1889 766 1938 arbor
779 1891 806 1938 in
815 1892 898 1955 ignea.

250 2031 372 2084 Attonitus
387 2049 456 2084 tanto
465 2035 602 2084 miserarum
613 2035 810 2098 turbinererum,

170 2109 372 2176 61rluppirerot
392 2110 456 2172 dixi,
476 2117 494 2162 si
511 2129 534 2165 te
545 2130 593 2162 ooo
609 2113 668 2164 falsa
679 2115 810 2180 loquuntur

217 2187 303 2249 Dina,
320 2190 363 2238 sub
378 2189 500 2254 amplexus
510 2191 603 2256 AEginae
619 2192 734 2256 Asopidos
751 2191 810 2252 ille3

142 2274 144 2278 ⁴
218 2267 305 2316 Necte
318 2301 326 2325 ,
343 2283 430 2332 magne
448 2283 512 2332 pater
521 2303 531 2328 ‚
541 2270 614 2318 nostri
633 2269 707 2334 pudet
716 2268 762 2320 else
772 2285 899 2335 parentem
912 2289 921 2330 3

216 2348 266 2396 Aut
279 2347 340 2396 mibi
347 2344 420 2396 redde
428 2364 513 2406 umens,
525 2363 565 2398 aut
576 2365 613 2396 ore
622 2366 717 2414 quoque
727 2347 805 2400 conde
814 2349 937 2414 sepulcro.

216 2425 261 2474 llle
273 2441 356 2476 notant
377 2425 470 2492 fulgore
488 2424 568 2483 dedit,
592 2433 729 2494 tonitruque
745 2427 862 2479 secundo·
934 2441 936 2448 “

168 2501 330 2567 620.lccipio,
350 2506 443 2568 sintque
457 2505 498 2554 ista
510 2521 594 2568 pretor
610 2505 689 2554 felicia
704 2509 789 2556 mentis

215 2581 286 2642 Signa
300 2595 364 2638 tue,
382 2578 432 2630 dixi
444 2580 526 2647 :quod
544 2580 585 2632 das
599 2585 676 2638 mihi,
686 2586 815 2649 pigneror,
827 2601 916 2638 omen.

210 2657 286 2706 forte
301 2657 347 2706 fult
364 2661 444 2722 iuxta,
461 2660 546 2718 patulis
565 2664 683 2710 rarissima
694 2664 783 2722 ramis,

215 2735 286 2786 Sacra
302 2737 376 2797 lovi,
395 2755 513 2803 quercus,
528 2736 657 2788 desemine
671 2737 806 2789 Dodonaeo.

215 2811 262 2862 llic
277 2831 321 2864 nos
341 2815 468 2881 frugilegas
484 2818 614 2881 aspeximus
633 2821 728 2882 agmine
740 2817 818 2882 longo

167 2889 210 2944 ‘²5
215 2889 311 2940 Grande
325 2909 385 2942 onus
406 2897 493 2958 exiguo
508 2899 620 2946 lormitas
635 2911 676 2944 ore
693 2911 816 2960 gerentes,

216 2969 359 3036 Rugosoque
369 2972 439 3022 suurn
453 2974 570 3025 servantes
582 2975 672 3023 cortice
684 2972 782 3024 callens.
