2056 3706
223 236 271 302 ¹42
313 212 357 282 P.
401 213 583 296 Ournrr
610 215 837 282 Nasonis

179 333 314 397 5ooincidie
328 337 354 384 in
369 348 490 394 matrem,
507 351 560 402 qua
570 335 674 395 restitit,
693 333 784 386 Arcade
797 336 869 394 viso,

225 414 257 464 Et
267 415 421 479 cognoscenti
431 413 515 462 similis
526 413 581 463 suit.
594 413 639 463 lile
649 413 739 480 refigit
749 449 757 473 ‚

226 493 391 559 Immotosque
401 491 485 542 oculos
499 493 558 541 inse
572 495 621 541 sine
631 489 678 542 fine
691 486 821 542 tenentem

227 571 326 622 Nescius
344 574 470 620 extimuit:
484 573 628 636 propiusque
640 568 752 621 accedere
762 575 842 622 aventi

226 648 351 699 vulnifico
362 649 439 698 fuerat
452 647 540 698 fixurus
549 651 644 714 pesiora
656 649 716 700 telo.

181 731 224 782 505
231 727 312 777 Arcuit
330 728 489 792 Omnipotens
501 745 507 776 ε
519 715 653 793 pariterque
663 731 774 796 ipsosque
789 730 906 796 nefasque

229 805 342 865 Sustulit3
361 809 386 856 δι
402 806 474 855 celeri
483 821 564 870 raptos
574 809 705 871 perinanis
720 823 792 858 vento

229 883 347 950 imposuit
366 883 450 945 coelo,
466 887 592 950 vicinaque
611 883 687 934 sidera
704 884 772 934 fecit.

263 1044 382 1094 Intumuit
397 1043 477 1104 Juno,
496 1042 547 1108 post
561 1043 636 1110 quim
648 1046 710 1094 inter
721 1043 797 1096 sidera
811 1045 890 1110 pellex

232 1124 308 1174 Fulsit
320 1142 327 1172 e
339 1127 363 1174 dc
375 1120 406 1171 ad
418 1139 501 1171 canam
517 1119 639 1172 deseendit
654 1127 679 1172 in
691 1140 787 1190 aequora
798 1124 918 1184 Tethyn,

187 1202 403 1268 5toOcesnumque
420 1202 516 1263 seuerus
532 1217 635 1267 quorum
650 1205 780 1252 reverentia
791 1204 870 1252 movit

234 1282 298 1346 Saepe
310 1280 389 1330 Deos:
398 1282 539 1346 causamque
552 1283 596 1330 viee
606 1280 815 1332 scitantibusiufit.

234 1358 362 1419 Quaritis,
380 1361 486 1408 ethereis
495 1375 568 1424 quare
577 1362 659 1423 regina
669 1359 778 1408 Deorum

234 1434 332 1485 Sedibus
347 1438 394 1484 huc
411 1433 487 1484 adsim
499 1442 562 1501 ipro
577 1454 615 1486 me
629 1452 696 1487 tenet
706 1437 781 1487 altera
790 1438 889 1490 coelum.

234 1513 355 1573 Mentitur,
372 1515 499 1563 obscurum
515 1517 561 1562 uisi
576 1531 623 1564 nox
635 1515 690 1564 crint
701 1516 785 1566 fecerit
794 1519 900 1578 orbem,

188 1591 315 1655 rrtNuper
331 1594 458 1640 honoratas
470 1593 585 1650 summo,
603 1609 657 1642 mea
671 1593 786 1655 vulnera,
806 1594 871 1644 coelo

234 1668 347 1719 Videritis
366 1670 442 1720 stellas
461 1670 529 1732 illic,
546 1672 593 1736 tibi¹
605 1672 707 1720 circulus
726 1688 794 1722 asem

235 1747 341 1798 Ultimus
357 1765 508 1809 extremum,
527 1751 650 1816 spatioque
667 1751 832 1807 brevissimus.
849 1753 935 1802 ambit.

235 1827 275 1876 Est
287 1827 359 1883 veri,
375 1845 416 1878 cur
434 1832 487 1895 quis
500 1829 619 1878 iunonem
633 1826 812 1890 laederemur,

236 1905 405 1974 offensamque
422 1907 525 1958 tremat!
539 1924 591 1974 quae
604 1911 693 1973 prosim
704 1907 755 1960 sola
764 1907 884 1960 nocendo.

187 1985 271 2059 produ
281 2003 326 2052 ego
340 2003 456 2054 quantum
468 1988 519 2056 egi!
533 1987 607 2054 quim
620 1987 682 2037 vasta
696 1990 803 2053 potentia
812 1989 890 2038 uosira
902 1987 949 2038 esti

234 2061 288 2114 Esse
306 2067 429 2114 hominem
439 2069 505 2115 vetui
518 2083 524 2113 t
535 2065 596 2114 sassa
606 2065 638 2114 eu
649 2065 710 2116 Des.
725 2067 763 2116 Sic
775 2083 819 2132 ego
837 2083 919 2131 poertas
959 2085 960 2088 ¹

235 2145 346 2192 Sontibus
357 2148 474 2208 impono:
488 2146 521 2193 sic
536 2144 569 2192 est
580 2159 633 2193 mea
645 2160 730 2210 magna
743 2145 853 2210 potessas.

235 2219 349 2271 Vindicet
359 2225 481 2288 antiquam
495 2222 581 2271 facicm
594 2259 601 2284 ‚
614 2223 739 2290 vultusque
759 2222 847 2272 ferinos

234 2299 369 2348 Detrahat:
383 2300 495 2365 Argolici
511 2298 577 2367 quod
591 2303 616 2349 in
634 2315 687 2350 ante
704 2299 840 2350 Phoronide
851 2299 919 2352 secie.

189 2377 288 2440 525Cur
300 2394 350 2428 non
361 2382 385 2427 δι
402 2379 469 2444 pulsi
485 2377 556 2430 ducat
572 2379 685 2438 sunone,
703 2395 807 2446 meoque

236 2456 351 2508 Colloeet
360 2459 386 2506 in
398 2458 503 2508 thalamo
517 2493 524 2518 ‚
539 2459 694 2524 socerumque
705 2458 816 2520 Lycaona
829 2459 925 2508 sumat?

235 2539 268 2586 Ar
287 2553 330 2585 vus
347 2538 366 2603 si
381 2535 440 2584 laesae
451 2551 585 2586 contemtus
602 2539 679 2602 tangit
690 2535 805 2595 alumnae,

236 2615 336 2678 Guruire
348 2614 448 2665 caeruleo
460 2615 548 2680 septem
559 2617 682 2680 prohibete
693 2616 794 2664 Triones
806 2633 814 2674 ς

236 2691 364 2758 Sideraque
377 2695 402 2741 in
414 2693 477 2743 coeio
490 2730 497 2753 ‚
514 2694 585 2758 stupri
597 2691 719 2752 mercede,
735 2706 830 2757 recepta

190 2771 320 2831 530Pellire
333 2791 338 2820 :
351 2787 380 2821 ne
389 2789 449 2837 puro
460 2776 564 2838 tingatur
577 2775 601 2820 in
612 2787 705 2837 aequore
719 2771 806 2836 pellex.
859 2792 862 2796 ·

195 2875 197 2880 2
236 2849 270 2898 Di
283 2853 352 2899 maris
367 2866 505 2902 annuerant.
519 2851 599 2901 Habili
612 2853 720 2899 Saturnia
734 2865 804 2898 curru

237 2926 371 2996 Ingreditur
384 2928 506 2996 liquidum
522 2929 656 2996 pavonibus
668 2933 721 2980 a'e'ra
740 2929 823 2994 pisiist
