2078 3708
102 253 535 320 Mavmrourrrossou
559 253 599 320 L.
623 253 691 320 IV.
732 271 775 343 95

54 374 134 424 rltbot
147 392 153 422 :
168 377 193 422 &
204 375 269 423 hunc
280 367 365 437 prae'dae
376 372 473 422 titulum
483 374 542 422 Jove
552 388 620 422 natus
630 373 736 424 habebit.
782 355 790 429 ,⁸

55 450 84 501 ld
95 467 210 500 metuens
222 485 230 511 ‚
248 449 330 500 solidis
341 453 448 516 pomaria
458 451 574 500 clauserat
584 450 650 500 Atlas
782 456 826 505 645

54 531 184 580 Moenibus
194 563 203 589 ,
221 533 246 578 lit
256 529 323 578 vasto
333 526 430 579 dederat
440 528 555 581 servanda
566 527 681 587 draconi3

54 609 211 676 Arcebarque
222 608 268 658 suis
279 621 387 656 externos
399 605 485 656 finibus
496 624 588 658 omnes,

53 687 119 736 Huic
132 701 250 753 quoque,
263 683 331 734 Vade
341 685 423 750 procul
436 719 444 744 ,
456 703 486 736 ne
497 684 569 750 longe
579 685 656 750 gloria
666 701 744 744 retum
756 717 764 742 ‚
830 699 832 704 ·

54 763 122 824 Quas
134 766 265 822 mentiris,
279 765 330 820 ait,
344 761 414 827 longe
426 767 470 812 tibi
480 764 588 828 luppiter
598 765 667 812 absit.
767 777 769 790 ·

54 842 165 908 Vimque
178 843 250 890 minis
261 838 330 889 addit
343 859 349 888 t
361 840 498 912 foribusque
509 843 626 907 expellere
637 857 713 893 tentat
783 841 830 895 550

56 919 242 972 Cunslantem,
257 922 282 970 δε
292 917 393 982 placidis
403 922 543 976 miscentem
556 920 628 970 fortia
639 919 716 971 diuis.

54 999 157 1046 Viribus
168 997 286 1055 inferior,
300 1000 353 1063 quis
365 1001 428 1050 enim
439 1015 481 1063 pat
491 995 549 1048 esl'et
559 1000 651 1050 Atlanti

55 1077 157 1126 Viribus
169 1080 178 1125 Ξ
196 1077 228 1124 At
239 1080 354 1144 quonium
366 1081 431 1140 parvi
443 1079 486 1126 tibi
497 1081 573 1142 gratia
584 1079 662 1128 nostra
673 1078 723 1137 elit

55 1157 148 1220 Accipe
160 1171 248 1205 munus
260 1189 268 1214 ‚
287 1157 319 1202 ait
331 1173 337 1202 ε
351 1155 457 1226 latique
468 1171 481 1203 a
492 1171 557 1220 parte
569 1189 577 1214 ,
592 1153 715 1215 Medusae,
733 1171 736 1176 ’

55 1233 65 1282 l
68 1235 110 1300 pse
122 1234 287 1286 retroversus,
304 1233 437 1298 squalentia
449 1231 556 1298 prodidit
565 1250 617 1282 ora.
785 1234 799 1273 ⁶
804 1241 829 1286 55

55 1312 172 1372 Quantus
181 1327 248 1370 erat,
261 1327 332 1360 mons
343 1311 417 1364 fastus
428 1311 503 1360 Atlas.
515 1312 567 1360 lam
578 1314 650 1362 bar‘ba
660 1329 784 1382 conseque

56 1391 86 1439 ln
99 1389 175 1440 silvas
187 1390 276 1438 abeunt
287 1407 293 1437 t
306 1393 360 1453 iuga
371 1391 425 1439 suni
435 1392 575 1456 humerique
586 1407 727 1456 manusque.

57 1467 138 1529 Quod
150 1484 223 1532 caput
233 1483 288 1518 ante
302 1467 364 1528 fuit,
376 1469 470 1518 summo
482 1472 514 1518 est
523 1471 548 1517 in
560 1483 643 1517 monte
654 1484 783 1526 cacumens

57 1544 121 1595 offa
132 1547 193 1611 lapis
204 1545 266 1600 fiunt
277 1565 283 1594 z
297 1559 349 1594 tum
361 1561 437 1610 partes
452 1549 531 1596 custus
542 1551 566 1596 in
576 1563 660 1596 omnes

59 1625 185 1677 Crevitin
195 1624 356 1683 immensum,
370 1623 379 1690 (
387 1627 419 1673 sic
433 1659 441 1683 ‚
454 1624 504 1685 Di,
520 1625 647 1692 statuistis)
660 1628 685 1676 dt
694 1643 767 1676 omne
786 1639 834 1678 660

59 1705 132 1758 Cum
144 1719 183 1754 tot
193 1703 308 1754 sideribus
319 1705 408 1757 coelunt
419 1707 536 1772 requievit
546 1707 571 1753 in
581 1704 635 1756 illo.

94 1863 227 1915 Clauserat
238 1861 385 1928 Hippotades
396 1879 484 1914 aeterno
495 1880 587 1916 carcere
597 1879 682 1914 ventos
692 1881 700 1923 ς

59 1942 261 2008 Admonitorque
271 1958 372 2007 operum
382 1977 390 2001 ,
402 1943 466 1992 coelo
477 1940 620 1990 clarissimus
631 1941 699 1995 alto,

59 2021 164 2071 Lucifer
174 2037 240 2070 ortus
251 2035 302 2069 erat
314 2039 319 2068 t
331 2023 413 2085 pennis
425 2020 486 2085 ligat
497 2020 538 2068 ille
549 2021 658 2068 resumtis

60 2103 137 2150 Parte
146 2101 177 2148 ab
188 2099 289 2164 utrique
300 2097 390 2162 pedes,
404 2098 645 2164 teloqueaccingitur
659 2113 738 2157 unco;
791 2109 834 2162 665

59 2179 95 2230 Et
107 2175 230 2244 liquidum
242 2181 316 2225 motis
327 2177 440 2224 talaribus
451 2183 504 2224 a'e'ra
514 2175 594 2226 findit.

61 2257 187 2306 Gentibus
197 2257 331 2304 innumeris
342 2257 479 2320 circumque
491 2255 600 2321 infraque
612 2254 715 2316 relictis,

59 2335 212 2398 AEthiopum
224 2332 345 2398 populos,
363 2331 471 2400 Cepheia
482 2335 599 2400 conspicit
609 2351 674 2384 arva.

59 2413 121 2463 Illic
132 2416 281 2461 immeritam
293 2427 405 2462 materne
416 2411 517 2478 pendere
529 2413 616 2477 lingua

60 2487 243 2544 Andromedan
254 2507 336 2556 petuas
346 2491 443 2560 injustus
454 2487 550 2556 jusl'ttat
558 2491 692 2540 Hammon.
792 2504 838 2552 670
850 2529 853 2545 .

62 2571 152 2632 Quam
164 2569 236 2619 simul
249 2567 280 2618 ad
292 2567 360 2618 duras
371 2569 496 2634 religatam
508 2569 603 2618 brachia
615 2583 694 2618 cautes

62 2647 140 2698 Vidit
152 2645 298 2698 Abantiades
308 2664 315 2705 3
332 2650 377 2696 nisi
388 2644 454 2713 quod
464 2647 522 2697 levis
532 2664 589 2698 aura
601 2646 701 2712 capillos

63 2727 204 2784 Moverat,
221 2730 246 2776 δι
258 2723 351 2790 trepido
363 2727 490 2775 manabant
501 2725 592 2776 lumina
603 2725 661 2776 lietu
673 2744 681 2784 ς

64 2806 242 2855 Marmoreum
253 2819 316 2852 ratus
327 2801 384 2853 esset
393 2821 460 2868 opus.
475 2805 561 2855 Trahit
572 2805 657 2852 inscius
668 2807 733 2869 ignes
745 2821 751 2862 3

65 2883 100 2933 Et
113 2885 209 2949 stupet:
224 2887 249 2932 ὅ(
261 2884 316 2934 visa
330 2899 450 2948 correptus
461 2887 566 2949 imagine
578 2883 683 2944 forme,
795 2892 837 2944 67¹5
910 2896 913 2902 '

67 2963 140 3012 Paene
153 2963 206 3011 suas
218 2975 316 3027 quatere
327 2963 359 3011 est
368 2963 457 3012 oblitus
468 2966 493 3012 in
504 2968 555 3013 a'e're
564 2979 661 3028 pentus.
