2056 3706
203 261 245 306 12
276 235 319 311 P.
346 237 559 308 Ovrnrr
588 243 823 312 NAsours

152 361 349 413 eiofluminibus
360 361 441 412 vestris
453 377 515 412 totas
526 366 651 413 immittite
661 365 774 414 habenas.

198 436 298 488 Juss'erat
307 459 313 487 ι
322 442 347 488 hi
358 439 475 500 redeunt,
487 457 515 489 ac
526 441 633 490 sontibus
643 458 685 490 ora
696 442 818 501 relaxant,

198 519 230 566 Et
248 516 373 568 defrenato
383 520 513 568 volvuntur
523 522 548 568 in
558 536 654 585 aequora
666 522 742 570 cursu.

198 595 251 660 Ipse
266 596 368 646 tridente
379 599 421 646 suo
430 613 517 646 terrant
528 602 641 662 percussit
651 617 657 646 t
667 599 744 647 atille

199 675 343 733 Intremuit,
361 691 477 742 motuque
494 680 558 724 sinus
569 676 682 740 patefecit
693 691 818 742 aquatum.

152 753 334 818 285Exspariata
346 769 418 804 ruunt
428 771 469 818 per
480 769 572 819 apertos
584 753 683 803 flumina
694 769 808 819 campum

200 829 313 896 Cumque
324 833 378 880 satis
391 832 483 880 arbusta
493 832 579 887 simul,
592 830 755 898 pecudesque,
773 836 901 898 virosque,

200 907 319 974 Tesirrque
329 943 338 963 ,
356 925 459 974 cumque
470 912 516 958 suis
526 913 621 974 rapiunt
630 911 760 974 penetralia
770 911 849 959 sacris.

199 988 224 1036 Si
242 1003 289 1052 qua
304 986 390 1036 domus
402 991 488 1036 mansit
500 1022 508 1047 ,
521 991 646 1053 potuitque
658 987 761 1036 resistere
772 1000 841 1037 tanto

199 1064 318 1129 Indejesta
337 1065 402 1114 malo
415 1083 423 1124 5
441 1066 537 1114 culmen
548 1081 629 1114 tamen
639 1066 711 1114 altior
722 1067 793 1129 hujus

116 1177 118 1184 .
152 1143 271 1202 290Unda
287 1147 362 1208 tegit,
376 1141 504 1210 pressaeque
516 1145 596 1192 labant
608 1144 650 1192 suh
660 1145 754 1208 gurgite
766 1158 849 1192 turres.
900 1147 901 1152 ’

199 1221 300 1286 Jamque
314 1238 379 1270 mare
394 1226 419 1270 &
431 1221 502 1270 tellus
513 1221 608 1270 nullum
618 1220 746 1270 discrimen
756 1222 889 1269 habebant:

200 1299 288 1347 Omnia
305 1315 392 1363 pontus
412 1315 478 1348 erant
490 1318 496 1346 ε
509 1297 607 1349 deerant
624 1315 720 1364 quoque
731 1298 802 1347 litera
811 1313 900 1361 ponto.

200 1376 309 1442 Occupat
325 1379 364 1426 hic
380 1377 469 1425 collem
481 1376 588 1438 :cymbis
599 1375 664 1425 sedet
674 1375 736 1425 alter
747 1373 839 1424 adunci
851 1409 860 1434 ,

141 1475 143 1480 ·
199 1453 231 1502 Et
248 1453 316 1504 ducit
326 1471 404 1504 remos
414 1454 465 1502 illic
475 1489 483 1513 ,
494 1455 535 1502 ubi
545 1469 620 1518 nuper
632 1468 718 1502 ararat.

88 1595 91 1599 Ι
153 1531 245 1593 295llle
262 1535 330 1597 supra
346 1534 454 1596 segetes,
471 1547 512 1580 aut
529 1533 610 1580 mersae
622 1531 728 1580 culmina
744 1529 827 1590 ville,

200 1611 321 1675 Navigate
333 1613 372 1659 hic
388 1609 481 1658 summai
498 1611 586 1674 piscem
597 1607 722 1674 deprendit
734 1612 759 1656 in
770 1607 850 1656 ulmo.

198 1689 291 1752 Figitur
307 1691 333 1736 in
350 1686 439 1748 viridi,
451 1691 470 1736 si
482 1689 538 1737 fors
549 1687 622 1744 tulit,
634 1703 721 1736 ancora
728 1701 797 1751 prato
809 1703 818 1744 3

198 1767 247 1814 Aut
264 1767 366 1832 subjesle
382 1781 461 1816 terunt
474 1781 550 1815 curvae
566 1769 647 1816 vineta
664 1768 767 1814 carine:

199 1843 231 1892 Et
243 1879 251 1904 ‚
273 1843 349 1894 modd
362 1845 409 1910 qui
420 1845 518 1908 graciles
529 1860 626 1908 gramen
638 1845 743 1908 carpsere
754 1839 869 1907 capellae,

153 1921 270 1980 300Nunc
290 1923 324 1970 ibi
338 1921 458 1971 deformes
469 1937 563 1987 ponunt
576 1923 617 1970 sua
629 1938 729 1986 corpora
744 1922 838 1984 phocae.

199 2000 319 2049 Mirantur
336 2001 377 2048 sub
394 1999 455 2066 aqui
473 2000 557 2058 lucos,
574 2001 706 2064 urbesque,
719 1996 854 2062 domosque

199 2077 330 2127 Nereides:
344 2077 461 2142 silvasque
473 2091 553 2126 tenent
565 2077 714 2140 Delphines,
730 2080 755 2125 &
765 2075 820 2125 altis

198 2154 321 2204 incursant
336 2157 424 2213 ramis,
440 2158 574 2220 agitataque
591 2155 678 2203 robora
692 2154 795 2218 pulsant.

199 2232 249 2282 Nat
261 2232 330 2297 lupus
343 2235 405 2281 inter
414 2249 485 2282 oves:
495 2232 574 2282 fulvos
587 2234 655 2282 vehit
672 2229 736 2281 unda
750 2232 831 2281 leones
842 2249 852 2286 t

152 2307 272 2369 305Unde
284 2313 351 2360 vehit
362 2313 433 2375 tigres
444 2327 451 2357 t
461 2325 506 2358 nec
517 2313 578 2358 vires
590 2310 698 2360 fulminis
709 2327 785 2374 apro,

199 2389 276 2440 Crura
296 2405 340 2438 nec
350 2388 431 2438 ablato
443 2389 542 2454 prosunt
550 2387 644 2438 velocia
654 2405 738 2438 cervo:

199 2467 355 2531 Quaesitisque
373 2465 413 2514 diu
426 2469 506 2526 terris,
523 2467 564 2515 ubi
577 2464 652 2515 sidere
665 2464 751 2526 detur,

197 2545 225 2594 ln
246 2562 311 2595 mare
325 2542 414 2593 lassatis
430 2543 534 2594 volucris
545 2561 605 2609 vaga
622 2543 714 2594 decidit
731 2544 785 2594 alis.

159 2681 160 2684 Ἴ
198 2624 316 2673 Obruerat
336 2621 441 2671 tumulos
457 2624 573 2670 immensa
590 2622 686 2672 lieentia
698 2625 783 2686 ponti,

151 2702 372 2767 310Pulsabantque
389 2703 447 2750 novi
461 2714 576 2748 montane
592 2701 716 2748 cacumina
729 2697 822 2748 finnus.

197 2781 305 2829 Maxima
318 2796 370 2844 pars
389 2776 453 2827 unde
464 2781 553 2842 rapitur
564 2797 570 2826 r
582 2779 667 2842 quibus
682 2775 746 2827 unda
758 2779 886 2844 pepercit,

158 2921 161 2924 Ι
197 2858 255 2908 illos
270 2857 343 2924 longa
357 2856 458 2910 domant
468 2859 536 2922 inopi
546 2859 635 2923 jejunia
644 2858 720 2908 victu.
