2036 3714
259 289 327 356 ²42
402 267 445 335 P.
466 268 622 335 Ortntt
641 269 842 336 Nasonis
904 285 909 292 ·

255 388 365 454 Excipis3
388 393 426 449 bc,
444 390 548 438 ruitum!
566 387 647 438 medio
661 387 721 440 dum
734 387 824 438 labitur
833 405 908 449 amne,

254 467 346 516 flebile
360 469 440 517 nescio
450 465 508 532 quid
518 459 625 532 queritur
635 465 687 528 lyra
698 500 706 526 ‚
719 465 801 514 ilebile
813 466 889 530 lingua

254 545 392 594 Murmurat
402 547 516 594 exanimis
529 561 535 592 e
546 540 691 608 respondent
700 540 782 592 flebile
797 545 863 606 ripe.

254 623 354 688 Jamque
365 639 430 672 mare
443 624 540 672 investe
556 618 647 672 flumen
657 619 772 684 populare
782 619 928 685 relinquunt,

206 709 234 757 55
254 699 284 750 Et
294 701 462 762 Methymna
478 701 603 764 potiuntur
614 697 685 748 litore
695 697 775 746 Lesbi.

252 775 299 825 Hic
310 775 371 824 ferus
382 777 516 840 exporitum
527 774 655 838 peregrinis
664 773 748 836 anguis
758 772 836 820 arenis

251 853 285 901 Or
298 853 373 917 petit,
387 854 413 902 δι
423 852 513 916 sparsos
523 849 621 900 stillanti
632 865 685 898 rore
695 848 806 914 capillos.

250 927 361 978 Tandem
376 929 479 978 Plroebur
495 924 576 985 adest,
594 928 734 992 morsusque
744 925 834 976 inferre
846 939 955 991 putantem

248 1008 330 1056 Arcete
340 1009 364 1056 δι
377 1008 402 1054 in
419 1001 523 1070 lapidem
531 1004 601 1052 riuus
609 1005 721 1068 serpentis
730 1018 826 1067 apertos
871 995 873 1004 ’

200 1085 230 1125 60
248 1081 385 1148 congelare
402 1083 427 1130 ic
440 1079 549 1144 patulos.
566 1093 594 1127 ut
607 1092 691 1137 erant,
702 1074 800 1128 indurat
810 1079 897 1126 hiatus.

247 1159 340 1210 Umbra
355 1158 571 1214 subsecuturae,
587 1170 640 1220 quer
655 1153 709 1204 loca
719 1151 813 1212 viderat
829 1171 897 1214 ante,

246 1235 340 1287 Cunna
356 1237 506 1300 recognoscit
520 1253 527 1283 e
539 1249 691 1301 querensque
702 1249 811 1298 perarua
821 1236 916 1297 piorum

244 1314 339 1364 Invenit
349 1311 502 1377 Eurydicen,
520 1309 658 1377 cupidisque
670 1311 822 1376 amplenirur
833 1311 903 1360 ulnis.

244 1391 309 1452 llic,
328 1389 405 1441 rnodd
417 1392 550 1457 coujunsiis
564 1391 696 1454 spatiantur
706 1391 813 1454 passibus
829 1391 919 1454 ambo,

196 1479 224 1532 ες
245 1468 315 1518 Nunc
329 1466 503 1533 precedentem
515 1469 620 1533 sequitur
632 1485 638 1516 e
649 1483 713 1516 nuuc
726 1471 828 1531 pravius
841 1471 928 1523 anteit,

241 1541 424 1609 Eurydicenque
437 1544 503 1592 suam
520 1547 571 1609 jam
585 1539 639 1592 turb
654 1544 750 1607 respicit
760 1542 879 1608 Orpheus.

274 1694 332 1746 Non
343 1697 441 1762 impune
450 1697 613 1750 taruenscelur
627 1699 674 1748 hoc
686 1697 743 1748 sinit
753 1693 801 1748 effe
810 1697 912 1762 Lyaeus:

241 1770 380 1840 Amilloque
390 1773 475 1825 dolens
486 1777 607 1825 sacrorum
617 1791 671 1826 vate
685 1777 784 1825 suorum
794 1807 803 1831 .
918 1775 920 1779 ’

240 1849 351 1901 Protinus
359 1855 386 1900 in
398 1851 462 1902 silvie
472 1867 558 1902 mattea
566 1850 688 1904 Edonidas
698 1869 782 1902 omnes
793 1887 802 1916 ,

189 1940 223 1985 70
240 1925 299 1986 Qun
316 1927 392 1976 fecere
403 1927 487 1988 nefas,
505 1927 568 1978 torti
579 1925 658 1978 radice
673 1927 766 1992 ligavit.

240 2001 335 2068 Quippe
343 2001 432 2068 pedum
443 2002 541 2067 digitos,
553 2005 577 2051 in
588 2017 704 2068 quantum
713 2019 812 2068 quaeque
823 2004 907 2054 secuta
916 2003 963 2068 est,

164 2104 166 2108 ⁴
178 2101 180 2106 ·
239 2081 338 2140 Traxit3
357 2085 382 2131 δι
393 2085 419 2131 in
429 2079 531 2130 solidam
542 2079 642 2130 detrusit
655 2084 764 2130 acumine
776 2097 873 2130 terram.

238 2158 320 2225 thue
331 2159 399 2207 suum
417 2157 522 2224 laqueis,
537 2174 596 2223 quos
607 2156 707 2208 callidus
718 2157 811 2208 abdidit
820 2175 931 2225 auceps,

238 2231 300 2283 Crus
310 2233 350 2282 ubi
362 2234 485 2282 commisit
500 2233 621 2292 volucris,
636 2234 753 2300 sensitque
765 2237 840 2282 teneri
852 2252 861 2293 ς

188 2325 218 2376 75
239 2309 378 2377 Plangitur,
390 2325 417 2359 ac
429 2307 548 2374 trepidans
559 2310 665 2375 astringit
674 2309 770 2359 vincula
780 2325 850 2360 motu
863 2328 874 2370 3

236 2389 292 2447 Sic,
311 2402 338 2437 ut
348 2403 447 2454 qunque
454 2385 506 2435 solo
516 2385 594 2436 delixa
602 2390 728 2437 cohaeserat
735 2390 838 2450 harum,

235 2464 372 2514 Exsternata
388 2465 471 2530 fugato
483 2462 567 2514 frustra
580 2467 686 2516 tentabat
697 2485 703 2514 ε
716 2466 819 2516 atillam

236 2541 311 2592 Lenta
329 2555 394 2592 tenet
409 2541 497 2598 radix,
517 2544 721 2610 exsultantemque
734 2551 836 2594 co'e'rcet.

235 2618 349 2688 Dumque
354 2620 395 2670 ubi
405 2622 452 2670 sint
461 2619 540 2686 digiti,
549 2620 608 2672 dnm
616 2639 655 2688 pes
665 2624 706 2672 ubi
713 2624 807 2688 quatit,
816 2625 841 2672 δι
849 2638 965 2690 ungues,

188 2703 219 2752 io
236 2699 326 2764 Aspicit
335 2702 360 2748 in
370 2713 453 2750 teretes
464 2698 556 2764 lignum
567 2700 689 2751 succedere
700 2702 772 2750 suras.

234 2777 266 2826 Et
276 2791 362 2827 conata
373 2777 450 2826 femur
457 2781 564 2827 maerenti
572 2778 684 2844 plangere
694 2776 790 2838 dextri,

235 2854 332 2904 Robora
340 2857 453 2920 percussit
462 2873 468 2904 r
477 2857 556 2920 peilus
567 2873 663 2923 quoque
674 2857 759 2907 robora
769 2856 839 2908 fiunt.

235 2933 333 2984 Robora
342 2935 397 2986 sunt
406 2935 669 3004 humerirporrestaque
679 2937 774 2988 brachia
782 2951 851 2992 verce
