2078 3708
235 285 279 349 92
391 259 435 330 P.
460 259 614 326 Ournrr
636 257 836 326 NAsonrs

188 381 383 448 545Deplanrere
399 379 517 435 domum.
532 377 604 430 stille
617 395 673 428 rum
684 378 747 429 vesle
759 375 878 441 capillos.

235 461 316 526 thue
326 477 411 524 parum
421 459 485 524 juste
496 493 504 517 ,
516 461 665 524 nimiumque
675 460 701 506 in
712 454 801 521 pellice
814 455 889 503 saevae

234 536 354 588 Invidiam
368 537 444 588 iecere
458 537 524 588 Dte.
539 535 658 588 Convicia
669 536 732 584 Juno

234 615 293 666 Non
304 616 360 666 tulit
372 633 378 666 s
390 620 415 666 ut
425 650 433 676 ,
444 616 540 664 Faciam
550 615 661 678 vosipsas
671 615 795 670 maxima,
812 607 902 667 dixit,

235 695 335 744 Sevitiae
345 707 502 742 monumenta
512 709 580 742 mere.
592 693 637 740 Res
648 689 711 740 dista
721 692 802 740 secura
812 689 856 736 esi.

188 773 298 824 riorum
307 788 359 837 quae
369 769 485 837 precipud
495 770 571 820 fuerat
582 773 619 835 pia
629 804 637 828 ‚
649 770 792 834 Persequar,
806 767 913 830 inquit,

233 850 261 898 ln
270 849 332 898 freta
342 853 448 914 reginam
459 868 466 898 s
479 848 612 912 saltumque
624 847 724 904 datura,
739 846 834 894 moveri

233 925 305 976 Haud
316 944 415 992 usquam
426 930 504 990 potuit
515 945 522 976 e
534 925 681 990 scopuloque
692 921 761 972 affixa
772 922 889 972 cohesit.

233 1003 331 1066 Altera,
346 1002 404 1054 dum
415 993 487 1054 solito
498 1017 573 1052 tentat
584 1003 699 1067 plangore
710 1001 779 1050 ferire

234 1082 348 1140 Postera,
364 1095 465 1132 tentator
481 1083 552 1130 sentit
563 1077 657 1145 riguiile
673 1080 782 1130 lacertos.

189 1160 280 1210 iiillla
291 1195 299 1219 ,
314 1175 397 1210 manus
408 1175 434 1208 ut
446 1159 507 1209 forre
518 1156 650 1212 tetenderat
661 1161 686 1206 in
700 1160 771 1206 maris
781 1155 859 1208 undas
869 1190 882 1218 ‚

234 1238 308 1290 Sexte
318 1237 379 1288 fasta
389 1254 473 1288 manus
483 1239 509 1286 in
519 1235 613 1286 easdem
624 1239 726 1301 porrigit
732 1234 821 1286 undas.

234 1315 327 1380 Hujus,
344 1332 371 1366 ut
381 1331 500 1380 arreptum
513 1315 619 1366 laniabat
628 1318 714 1366 vertite
725 1318 816 1364 crinem
827 1347 837 1376 ,

233 1389 340 1444 Duratos
349 1391 428 1442 subito
438 1391 527 1458 digitos
539 1396 564 1442 in
577 1396 641 1442 trine
654 1391 754 1444 videres.

235 1469 291 1530 Quo
300 1486 399 1536 quaeque
409 1474 433 1520 in
444 1471 509 1534 gestu
518 1469 687 1536 deprenditur,
702 1473 770 1520 hesit
779 1474 805 1520 in
814 1471 873 1522 illo.

189 1545 290 1598 5⁶0Pars
300 1548 408 1600 volucres
420 1547 486 1596 fade
496 1565 504 1606 3
516 1565 569 1615 quae
578 1566 644 1598 nune
655 1565 751 1616 quoque
760 1553 858 1616 gurgite
870 1553 900 1600 in
911 1550 961 1602 illo

233 1625 341 1693 AEquora
351 1623 493 1690 distringunt
504 1628 587 1676 sumtis
597 1625 725 1678 Ismenides
735 1627 787 1678 alis.

267 1785 350 1838 Nescit
362 1783 506 1853 Agenorides
517 1803 598 1842 natam
610 1805 755 1856 parvumque
766 1803 882 1856 nepotem

234 1861 347 1931 AEquuris
357 1863 403 1914 esse
415 1866 489 1916 Deos.
501 1867 575 1917 Lusiu
586 1870 690 1934 serieque
701 1868 820 1919 malorum

235 1943 334 2004 Vnius,
352 1947 377 1994 δι
388 1945 501 2001 ostentis,
516 1962 569 2012 quae
581 1947 684 2011 plurima
695 1944 804 2004 viderat3
821 1948 870 1996 exit

189 2021 359 2090 565C0nditor
369 2024 478 2079 urbesui
488 2041 497 2082 3
516 2039 640 2091 tamquam
651 2025 755 2074 Fortuna
764 2025 877 2074 locorum
888 2059 898 2086 ,

236 2100 294 2152 Non
307 2103 347 2151 sua
359 2105 381 2151 se
392 2117 524 2167 premeret:
537 2102 662 2168 longisque
673 2103 787 2152 erratibus
798 2106 863 2152 ailus

236 2179 348 2246 Contigit
357 2180 482 2241 Illyricos,
494 2179 597 2245 profugi
607 2197 664 2230 cum
674 2185 777 2246 conjuge
788 2216 797 2240 ,
810 2180 879 2234 sines.

235 2257 335 2321 Jamque
345 2256 414 2306 malis
425 2259 538 2322 annisque
546 2274 643 2322 graves,
656 2255 715 2308 dum
723 2261 800 2323 prima
809 2261 942 2310 retrasiant
1028 2255 1029 2296 l

236 2334 293 2384 Fata
305 2332 407 2390 domirs,
419 2333 575 2400 releguntque
585 2336 639 2384 suos
650 2338 757 2385 sermone
768 2336 877 2395 labores3

190 2411 302 2477 570Num
314 2413 377 2462 sacer
388 2411 429 2460 ille
441 2411 495 2462 mei
505 2415 613 2478 trajeslur
625 2413 721 2480 cuspide
732 2416 843 2480 serpens,
892 2469 894 2471 ,

234 2489 343 2540 Cadmus
353 2493 403 2550 ait,
417 2491 507 2544 fuerit?
520 2508 570 2542 runa
579 2527 590 2548 ,
605 2492 661 2544 cum
672 2489 760 2542 Sidone
770 2493 891 2558 professus

234 2569 349 2634 Vipereos
361 2571 433 2634 sparsi
443 2587 483 2634 per
494 2571 611 2632 humum,
623 2589 687 2637 nova
696 2573 804 2632 semina,
816 2569 912 2622 denter.

234 2647 315 2708 Quem
325 2652 344 2696 si
355 2664 411 2696 cura
421 2646 501 2698 Derim
511 2663 561 2698 tam
573 2649 636 2700 terti
644 2647 753 2700 vinditat
761 2648 815 2710 iri,

234 2726 286 2790 lpse
297 2743 380 2791 precor
389 2729 482 2792 serpens
493 2729 518 2776 in
530 2727 627 2792 longam
639 2731 745 2793 porrigar
760 2727 853 2776 alvum.

190 2812 234 2860 575
239 2803 308 2853 Dixit
319 2823 325 2852 ε
337 2808 361 2854 δι
371 2839 380 2864 ,
391 2819 418 2854 ut
428 2806 520 2870 serpens
530 2839 537 2864 ,
549 2807 575 2854 in
586 2803 689 2870 longam
700 2802 806 2856 tenditur
817 2807 901 2860 alvum
912 2823 921 2868 ς

235 2881 380 2947 Durntaeque
391 2885 440 2931 cuti
452 2883 558 2948 squamas
569 2885 696 2932 inerescere
707 2885 796 2944 sentit,

235 2959 358 3030 Nigraqur
369 2959 472 3016 ceruleis
482 2963 567 3036 variari
579 2977 678 3031 corpora
688 2963 780 3030 gurrist
803 2971 806 2976 '
