2056 3706
248 256 290 318 28
322 249 362 318 P.
396 249 592 316 Ournrr
624 251 862 335 NAsorrrs

244 371 286 420 Sol
298 371 374 422 oculis
388 374 511 435 juvenem,
522 370 608 434 quibus
619 371 702 433 aspicit
710 367 792 416 omnia
804 403 812 427 ,
822 365 895 418 vidit.

244 449 350 516 Quaque
363 453 408 498 viae
420 448 466 497 tibi
475 449 559 498 causa?
576 445 635 512 quid
646 449 707 507 hac,
723 449 774 505 ait,
789 461 841 496 arce
853 444 950 510 petisti,

242 528 384 597 Progenies,
401 529 523 580 phaeton,
538 523 603 574 haud
616 522 744 589 inficianda
754 527 861 589 parenti?
936 553 940 562 «

193 629 222 674 35
242 605 286 654 Ille
301 605 392 666 refert,
404 605 426 654 O
439 605 446 654 l
458 604 499 652 lux
508 607 620 653 immensi
631 603 726 668 publica
736 600 821 652 mundi
833 637 842 663 ,

241 683 331 732 Phoebe
345 699 411 748 pater
424 717 432 742 ‚
444 686 463 731 ri
474 680 515 731 das
525 681 595 746 hujus
602 683 663 730 mihi
672 683 777 730 nominis
788 682 875 741 usum,

240 761 292 810 Nec
311 761 371 810 falsi
385 759 617 825 Clymene·culpam
633 760 676 808 sub
685 761 789 824 imagine
801 759 863 808 celat
875 777 884 818 i

239 839 343 904 Pignora
361 837 393 889 da
405 873 414 900 ,
426 842 537 906 genitor,
550 855 591 904 per
602 854 654 903 quae
665 851 706 886 tua
718 854 774 887 vera
785 852 892 901 propago

239 915 345 978 Credat,
364 921 389 966 &
408 919 473 966 hunc
484 919 570 966 animis
580 932 684 965 errorem
695 913 793 966 detrahe
803 914 896 962 nostris.

188 1017 219 1059 40
237 995 344 1046 Dixerat.
362 995 393 1046 At
407 997 500 1060 genitor
516 997 607 1044 circum
617 1008 687 1058 caput
698 1009 770 1042 omne
785 995 902 1040 micantea

236 1072 354 1139 Deposuit
370 1071 464 1133 radios,
480 1075 624 1140 propiusque
636 1069 746 1122 accedere
757 1073 824 1136 jussit
836 1089 843 1118 e

178 1179 183 1187 ·
234 1153 400 1218 Amplexuque
411 1149 487 1210 tlat03
508 1151 560 1201 Nec
575 1165 601 1200 tu
615 1167 681 1200 meus
697 1147 744 1198 effe
759 1151 840 1214 negari

234 1229 329 1296 Dignus
347 1248 385 1290 es3
405 1235 430 1280 δι
444 1229 564 1293 Clymene
573 1247 642 1280 veros
653 1263 661 1289 ,
671 1233 720 1288 ait,
737 1225 814 1276 edidit
823 1241 899 1276 ottus.

234 1308 337 1374 Quoque
345 1311 423 1379 miuus
434 1306 541 1367 dubites,
553 1296 656 1373 quodvis
664 1321 717 1371 pete
726 1321 812 1358 munus
823 1340 831 1365 ‚
841 1319 868 1356 ut
878 1303 953 1367 illud,

184 1407 212 1448 45
233 1385 275 1434 Me
291 1385 423 1445 tribuente,
442 1385 502 1434 feras
514 1403 519 1432 :
532 1388 653 1449 promissis
665 1385 726 1434 testis
741 1381 820 1434 adesto

232 1461 278 1512 Dis
295 1461 395 1529 juranda
412 1463 498 1532 palus,
511 1461 588 1512 oculis
599 1464 724 1527 incognita
734 1462 827 1512 nostris.

233 1541 280 1588 Vix
289 1541 348 1589 berre
360 1537 461 1590 desierat
470 1557 477 1588 t
490 1555 571 1588 curtus
581 1555 651 1605 rogat
665 1540 706 1589 ille
716 1555 826 1605 paternos
835 1573 843 1600 ,

231 1619 305 1684 Inque
316 1617 381 1668 diem
390 1617 512 1682 alipedum
523 1621 559 1682 ius
570 1623 595 1668 ὃς
608 1617 762 1668 moderamen
775 1634 901 1684 equorum.

231 1695 347 1746 Poenituit
358 1694 444 1760 juraile.
459 1711 551 1760 patrem
563 1715 569 1744 r
581 1699 623 1762 qui
636 1711 719 1762 terque
729 1711 859 1762 quaterque

183 1796 213 1842 50
230 1771 379 1822 Concutiens
394 1773 485 1822 illustre
500 1789 571 1838 caput
582 1793 588 1822 ι
601 1775 755 1834 Temeraria,
774 1773 849 1834 dixit,

229 1851 284 1900 Vox
295 1867 349 1900 mea
360 1850 420 1898 falla
429 1850 470 1900 tui
481 1851 522 1900 est.
533 1851 633 1902 Utinam
644 1855 753 1916 proxima
768 1853 850 1901 liceret

228 1926 286 1977 Non
298 1925 367 1978 darei
382 1927 516 1990 confiteor,
528 1930 606 1980 solum
617 1933 664 1980 hoc
673 1932 733 1992 tibi,
745 1947 813 1991 nate,
824 1948 948 1996 negarem.

228 2003 368 2056 Dill'uadere
382 2007 447 2056 litet.
459 2008 517 2056 Non
528 2008 560 2058 est
572 2024 612 2056 tua
623 2023 673 2057 tuta
682 2008 802 2058 voluntas.

227 2085 317 2149 Magna
332 2088 392 2148 petis
405 2119 414 2144 ,
428 2085 568 2144 Phae'thon3
581 2089 605 2134 &
617 2102 669 2150 quse
685 2103 728 2136 uec
739 2089 827 2136 viribus
838 2089 887 2138 istis
949 2127 950 2130 ,

180 2185 206 2230 55
226 2161 328 2210 Munera
347 2164 504 2222 conveniant,
522 2179 565 2210 nec
577 2177 626 2212 tam
637 2165 767 2228 'puerilibus
777 2170 853 2216 annis.

225 2242 280 2289 Sors
300 2254 340 2288 tua
355 2239 463 2288 mortalis
477 2257 482 2287 :
495 2256 545 2288 non
558 2241 590 2289 est
603 2242 704 2290 mortale
719 2242 786 2308 quod
800 2260 877 2309 optas.

225 2317 280 2366 Plus
298 2321 389 2376 eriam,
407 2315 482 2382 quim
494 2316 560 2382 quod
575 2321 668 2383 Superis
678 2324 817 2386 contingere
827 2322 862 2372 fas
873 2325 903 2372 sit
914 2357 927 2387 ‚

224 2395 324 2444 Nescius
341 2393 443 2445 affeilas.
462 2395 557 2444 Placeat
568 2399 612 2444 sibi
625 2401 745 2463 quisque,
762 2400 860 2460 licebit3

224 2474 282 2523 Nou
295 2488 375 2522 tamen
387 2473 490 2537 ignifero
501 2477 627 2540 quisquam
643 2477 767 2526 consistere
777 2481 802 2527 in
815 2496 875 2540 axe,

176 2562 206 2598 co
225 2553 282 2612 Me,
301 2551 385 2606 valet,
404 2566 503 2615 excepto
516 2571 521 2599 :
533 2553 592 2601 vasti
608 2571 704 2619 quoque
714 2558 790 2604 rector
801 2557 916 2624 Olympi,

225 2630 273 2690 Qui
294 2629 344 2678 fera
361 2623 461 2677 terribili
471 2631 590 2694 jaculatur
601 2631 704 2680 fulmina
717 2631 799 2682 dextri
806 2621 819 2692 ‚'

223 2707 281 2756 Non
293 2721 347 2771 agat
361 2707 404 2754 hos
424 2720 503 2754 curtus
514 2725 520 2756 e
532 2710 556 2756 δι
569 2707 628 2774 quid
640 2709 698 2758 Jove
714 2715 790 2775 majus
807 2715 945 2768 habemus!

222 2783 303 2834 Ardua
319 2787 395 2848 prima
405 2787 444 2832 via
455 2784 488 2840 est
499 2803 504 2832 :
517 2789 542 2839 &
553 2785 601 2850 quai
610 2790 650 2836 vix
663 2805 732 2839 mane
745 2806 850 2841 recentes

222 2865 349 2914 Enitantur
366 2867 420 2928 equi
433 2881 439 2912 t
452 2861 533 2912 medio
548 2865 580 2913 est
588 2865 702 2916 altissima
715 2867 778 2916 coelo
791 2886 799 2928 5

176 2961 203 3014 σς
222 2942 293 2995 Unde
308 2957 373 2994 mare
384 2945 409 2996 iit
422 2956 494 2991 terras
504 2944 549 3008 ipsi
559 2945 619 2994 mihi
630 2945 689 3010 sepe
703 2941 785 2997 videre
824 2963 828 2970 ’
