2078 3708
136 267 610 340 Murauonrnosroul.
630 269 793 356 VII-143
826 259 827 266 '

73 389 210 450 Hostibus3
227 408 268 440 aut
278 388 350 440 auido
363 388 458 438 dabitur
471 389 520 438 fera
531 387 610 454 praeda
627 387 734 440 draconi.
809 449 813 464 ‚

73 471 137 520 Hoc
155 487 200 535 ego
214 472 232 518 si
243 473 335 534 patiar,
353 483 406 516 tum
416 485 455 516 me
472 465 501 516 de
514 465 599 532 tigride
608 481 708 528 natam,

73 547 147 596 Turn
159 548 248 598 ferrum
265 551 290 595 bc
307 545 418 610 scopulos
429 545 517 610 gestare
535 548 561 594 in
577 543 649 594 corde
665 545 766 594 fatebor.

74 623 133 674 Cur
144 641 195 674 non
210 629 235 674 ot
247 627 326 690 speiio
337 627 494 688 pereuntem?
510 622 641 688 oculosque
656 621 761 692 videndo

74 701 249 752 Conscelero?
264 702 318 752 Cur
328 718 378 750 non
390 717 469 750 tauros
484 704 597 752 exhortor
608 705 632 752 in
643 701 713 752 illurn
723 737 731 762 ,
821 722 845 768 35

74 778 270 845 Terrigenasque
282 779 345 828 feros
358 814 366 838 ,
378 779 556 845 insopitumque
572 778 718 829 draconem?

74 855 113 904 Di
127 858 230 906 meliora
239 857 326 906 velint!
346 873 493 924 quamquam
508 873 558 906 non
568 856 751 924 imprecanda,

75 933 126 984 Sed
139 933 251 984 facienda
263 937 332 983 mihi.
342 933 476 983 Prodamne
491 951 536 998 ego
552 951 624 999 regna
634 939 754 1000 parentis?

76 1012 161 1077 Atque
183 1030 229 1077 ope
239 1015 320 1062 nescio
330 1015 383 1079 quis
395 1013 524 1061 servabitur
539 1011 629 1062 advena
639 1013 718 1064 nostri
728 1018 736 1064 Ξ

75 1089 114 1136 Ut
126 1107 171 1154 per
181 1107 223 1138 me,
231 1092 322 1154 sospes,
337 1093 387 1138 sine
398 1107 437 1138 me
452 1088 493 1139 det
503 1091 576 1140 lintea
586 1094 679 1140 ventis?
819 1115 850 1160 4⁰

76 1167 176 1233 Virque
193 1171 223 1216 sit
242 1169 356 1226 alteriue,
375 1183 452 1232 poenae
469 1167 555 1216 Media
570 1168 703 1234 relinquar?

22 1275 32 1292 .
76 1246 102 1293 Si
115 1245 197 1294 facere
212 1248 272 1306 hoc,
285 1245 388 1294 aliamve
399 1245 475 1310 potest
489 1262 625 1310 praeponere
635 1248 718 1306 nobis,

77 1323 188 1373 Occidat
198 1327 313 1388 ingratus.
335 1319 382 1371 Sed
394 1339 444 1371 non
455 1326 474 1372 is
487 1324 567 1376 vultus
584 1326 609 1371 in
621 1323 666 1372 illo
678 1359 686 1384 ‚

76 1401 140 1450 Non
154 1419 183 1450 ea
197 1401 310 1450 nobilitas
322 1402 405 1452 altimo
415 1400 447 1448 eli
458 1435 466 1460 ,
478 1404 589 1466 ragratia
601 1400 700 1459 sormam

77 1479 115 1528 Ur
134 1483 235 1528 timeam
245 1476 355 1528 fraudem
368 1513 376 1538 ,
391 1481 518 1544 meritique
533 1478 623 1529 oblivia
634 1480 715 1528 noslri.
819 1502 849 1546 45

78 1557 112 1606 Er
125 1555 195 1606 dabir
207 1573 261 1606 ante
279 1555 352 1606 fidem
365 1575 371 1604 z
384 1572 517 1623 cogamque
533 1560 558 1605 in
570 1555 660 1608 foedera
672 1558 738 1608 testes

81 1633 138 1684 Esse
150 1635 224 1686 Deos.
240 1633 307 1694 Quid
319 1649 369 1684 tuta
382 1638 466 1683 times?
482 1637 618 1700 accingere,
635 1640 770 1686 &omnem

18 1765 24 1774 ,
82 1713 151 1762 Pelle
167 1730 259 1762 moram
270 1733 275 1760 z
286 1714 329 1762 tibi
344 1715 367 1760 se
382 1715 472 1777 semper
482 1711 578 1762 debebit
593 1714 678 1764 lason:

83 1793 121 1840 Te
135 1793 189 1841 face
207 1791 318 1840 sollemni
328 1794 411 1855 iunget
422 1793 465 1838 sibi
478 1809 483 1838 :
495 1807 582 1856 perque
594 1791 700 1856 Pelasgas

84 1873 206 1920 servatrix
217 1871 285 1918 urbes
297 1884 401 1928 maturum
412 1867 558 1916 celebrabere
569 1868 647 1918 curbi.
824 1881 853 1925 50

84 1948 152 2012 Ergo
161 1947 206 2012 egb
214 1963 367 2012 germanam.
377 1945 532 2010 fratremque,
542 1960 651 2010 patremq
659 1964 666 2004 i
675 1947 787 2014 Deosque
796 1984 809 2028 ,Ι

85 2026 117 2076 Et
137 2025 217 2076 natale
230 2025 325 2084 solum,
336 2026 413 2072 ventis
423 2022 501 2072 ablata
511 2057 518 2080 ,
530 2023 682 2088 relinquam?

86 2103 183 2169 Nempe
197 2118 264 2168 pater
282 2105 368 2162 saevus,
386 2118 471 2168 nempe
480 2101 512 2150 est
526 2118 580 2150 mea
591 2103 688 2152 barbara
699 2102 789 2164 tellus,

88 2180 170 2230 Frater
179 2179 258 2232 adhuc
267 2181 346 2230 infans
355 2199 360 2228 r
370 2180 430 2228 stant
440 2196 536 2230 mecum
546 2195 603 2230 voca
613 2181 707 2232 sororis.

87 2258 210 2310 Maximus
221 2262 286 2308 intra
296 2276 335 2308 me
345 2258 410 2306 Deus
420 2258 460 2306 est.
473 2257 529 2322 Nqn
540 2275 626 2326 magna
637 2260 770 2328 relinquam
781 2279 788 2320 5
825 2283 852 2333 55

89 2337 181 2402 Magna
198 2339 300 2402 sequar,
314 2335 412 2386 titulum
422 2337 516 2386 servata
532 2339 600 2402 pubis
615 2338 711 2388 Achiva
719 2374 728 2400 ,

89 2414 260 2480 Notitiamque
275 2414 323 2464 loci
341 2414 463 2474 melioris,
475 2419 500 2466 δι
512 2414 617 2481 oppida.
630 2433 734 2482 querum

89 2492 138 2542 llic
153 2509 252 2560 quoque
263 2493 327 2542 sarna
337 2497 418 2558 viget,
431 2493 556 2558 cultusque
567 2509 673 2560 artesque
683 2498 806 2554 virorum3

91 2572 221 2638 Quemque
238 2588 284 2638 ego
294 2605 302 2631 ,
314 2587 369 2620 cum
380 2572 448 2621 rebus
457 2585 585 2636 quartotus
596 2572 702 2637 possidet
711 2575 790 2634 orbis,

89 2649 225 2701 AEsoniden
237 2645 337 2700 mutasse
346 2648 420 2700 velim
432 2667 439 2698 e
451 2665 501 2714 quo
512 2653 614 2715 coniuge
625 2649 684 2700 felix
825 2664 857 2699 60

92 2729 124 2778 Et
140 2729 188 2778 Dis
204 2745 259 2778 cara
269 2727 347 2787 ferar,
367 2731 391 2776 ut
402 2729 490 2778 vertice
501 2725 577 2778 sidera
588 2743 694 2792 tangam.

94 2805 177 2866 Quid?
199 2804 267 2873 quod
277 2805 357 2856 n'escio
367 2809 409 2870 qui
417 2803 501 2856 mediis
510 2819 650 2854 concurrere
659 2809 685 2856 in
695 2805 764 2860 undis

94 2884 217 2934 Dicuntur
231 2900 326 2934 montes
336 2921 344 2946 ,
359 2885 494 2948 ratibusque
504 2885 603 2948 inimica
613 2882 765 2947 Charybdis,

95 2963 167 3014 Nuuc
180 2964 275 3014 sorbere
287 2961 395 3024 fretum,
409 2975 473 3012 nunc
487 2958 603 3020 reddere3
614 2964 736 3030 einsiaque
746 2960 812 3014 savis
