2036 3714
205 255 276 344 ert
353 249 397 318 Ρ.
418 251 573 317 Ονιυιι
591 252 808 317 NASONIS'

177 370 180 376 ’
201 375 331 441 Quamque
340 378 419 424 virum
430 371 565 439 putateffe,
581 375 650 422 suum
661 373 714 422 sore
723 371 818 432 credit,
831 373 934 422 Ianthe.

204 454 268 518 lphis
279 469 360 514 amat,
378 453 426 518 qui
438 449 502 518 poll'e
516 451 563 501 frui
574 450 683 516 desperat
694 469 702 510 ς
715 455 739 500 &
750 466 830 516 auget

202 533 257 582 Hoc
266 535 344 597 ipsum
357 530 482 580 flammate
495 528 607 596 ardetque
618 533 642 579 in
653 532 747 594 virgine
763 532 853 593 virgo.

151 609 297 676 725Vixque
306 625 387 660 tenens
396 610 524 672 lacrymas,
531 608 589 668 Quis
596 625 635 656 me
646 622 729 656 manet
737 610 832 666 exitus,
839 609 939 674 inquit,

202 687 310 752 Cognita
321 705 393 754 quam
404 687 466 736 nulli
477 721 484 740 ,
496 703 570 752 quam
582 683 737 750 prodigiosa,
747 701 881 752 noveque

202 765 268 816 Cura
286 780 351 814 tenet
366 766 464 814 Veneris
475 767 484 813 Ξ
495 767 515 812 si
525 762 559 812 Di
569 766 631 811 mihi
641 779 737 828 parcere
745 763 853 812 vellent
865 799 876 825 ,

201 842 301 892 Perdere
316 842 465 892 debuerant:
478 845 558 892 sinon
571 845 595 890 δι
607 839 704 907 perdere
715 841 814 892 vellent
829 878 841 900 ,

201 917 316 969 Naturale
328 920 419 969 malum
430 919 533 978 saltem,
547 924 572 968 dt
583 917 613 967 de
622 935 688 968 more
700 955 708 978 ‚
722 917 865 969 dedissent.

152 997 252 1048 730Nec
267 1015 364 1049 vaccam
380 1015 457 1048 vaccae
469 1034 477 1057 ,
495 1013 539 1048 nec
547 1015 621 1064 equas
633 1013 701 1046 amor
712 1001 762 1046 urit
772 1015 912 1064 equarum.

199 1075 256 1126 Urit
272 1093 328 1127 oves
339 1080 398 1128 aries
408 1095 416 1124 t
428 1077 533 1142 sequitur
544 1077 584 1124 sua
595 1075 685 1124 semina
695 1091 806 1124 cervum.

199 1155 238 1204 Sic
257 1159 281 1204 dt
297 1171 350 1204 aves
367 1161 471 1214 co'e'unts
482 1158 591 1220 interque
602 1154 715 1202 annualia
728 1157 816 1202 cundia

197 1231 296 1281 femina
308 1233 413 1282 femineo
424 1237 533 1296 corrept‘a
544 1231 655 1297 cupidine
665 1232 734 1280 nulla
744 1233 788 1280 cst.
817 1237 821 1246 '

196 1307 292 1358 Vellem
309 1311 376 1359 nulla
387 1311 474 1360 forem.
485 1310 522 1359 Ne
533 1325 583 1358 non
594 1325 675 1358 tamen
684 1313 771 1359 omnia
781 1310 869 1362 Crete

148 1386 303 1437 735Mt>nstra
318 1388 394 1448 ferat,
410 1401 504 1438 taurum
514 1386 599 1437 dilexit
609 1386 659 1436 filia
674 1388 750 1436 Solis:

194 1464 294 1514 femina
309 1483 395 1530 nempe
409 1482 508 1515 marem.
522 1466 591 1514 Meus
601 1465 633 1514 est
647 1465 763 1514 furiosior
775 1464 823 1514 illo
839 1500 849 1525 ‚

195 1543 219 1590 Si
229 1559 313 1592 verum
323 1542 464 1608 profitemur
475 1577 483 1602 ‚
496 1559 572 1592 amor.
585 1538 678 1592 Tamen
689 1542 732 1590 illa
743 1544 828 1592 secuta
843 1543 882 1592 est

88 1661 95 1672 .
193 1622 265 1686 Spem
283 1621 395 1688 Venerist
409 1635 490 1670 tamen
498 1622 541 1670 illa
552 1620 614 1672 dolis
627 1657 634 1681 ,
646 1626 672 1670 δι
683 1625 791 1686 imagine
802 1640 914 1684 vaccae,

193 1696 261 1746 Palla
275 1699 362 1746 bouem
378 1699 411 1748 est
423 1718 428 1745 ι
442 1703 466 1748 δι
479 1713 547 1754 erat,
562 1703 604 1765 qui
612 1697 779 1764 deciperetur,
793 1700 911 1752 adulter.

144 1775 249 1842 740lluc
265 1775 321 1825 licet
332 1795 344 1825 e
361 1793 414 1827 toto
426 1777 531 1827 sollertia
541 1777 648 1827 confluat
659 1779 735 1834 orbe.
824 1775 827 1778 ’

131 1898 134 1903 ff
193 1855 244 1919 lpse
256 1855 312 1905 licet
322 1857 413 1906 revolet
427 1860 511 1906 ceratis
522 1855 636 1906 Daedalus
647 1857 703 1915 alis3

194 1933 260 1994 Quid
280 1935 352 1984 faciet
364 1937 373 1984 i
384 1935 450 1984 Num
466 1952 505 1983 me
513 1951 613 1999 puerum
625 1932 654 1983 de
665 1937 759 1999 virgine
771 1932 856 1984 dostis

191 2010 288 2060 Artibus
303 2012 390 2061 efficiet
402 2015 410 2061 i
422 2023 480 2062 uum
493 2027 517 2061 te
531 2014 652 2067 mutabit,
666 2013 748 2060 Ianthe
759 2015 771 2060 ἰ

192 2087 257 2148 Quin
269 2093 377 2138 animum
385 2089 464 2138 firmas
476 2097 484 2142 Ξ
501 2105 569 2158 teque
581 2091 630 2154 ipsa
642 2090 782 2156 recolligis,
794 2089 854 2154 lphi
867 2095 878 2140 Ξ

42 2217 44 2222 f
141 2164 343 2231 745Consiliique
357 2171 440 2232 inopes
459 2173 483 2218 ὃ(
494 2167 576 2218 stultos
591 2172 681 2217 excutis
693 2171 777 2232 ignes?

191 2241 257 2302 Quid
268 2245 296 2292 sis
307 2259 380 2304 nata,
399 2245 469 2294 vide:
481 2250 527 2294 uisi
538 2262 561 2296 te
572 2263 668 2312 quoque
680 2245 772 2310 decipis
783 2247 865 2310 ipsam
877 2285 887 2309 ,

189 2322 220 2370 Et
229 2337 282 2386 pete
294 2323 361 2390 quod
381 2324 415 2372 sas
426 2324 458 2372 est
467 2343 473 2371 t
482 2329 507 2372 dc
518 2342 588 2384 ama,
601 2323 667 2390 quod
682 2325 772 2373 semina
785 2323 873 2374 debes.

189 2401 245 2464 Spes
255 2403 288 2449 eli
300 2419 352 2467 quae
370 2406 518 2468 capiattspes
533 2405 565 2452 est
579 2419 632 2470 que
646 2405 727 2468 pascat
741 2419 868 2452 amorem.

187 2478 256 2528 Hanc
269 2479 312 2527 tibi
323 2497 359 2528 res
369 2479 463 2530 adimit.
477 2481 534 2530 Nou
545 2496 567 2530 tc
577 2479 746 2530 tullodiacaro

105 2561 109 2564 ’
138 2555 258 2630 750Arcet
267 2556 296 2604 ab
313 2558 439 2621 amplexu,
453 2575 496 2608 nec
512 2563 575 2608 cauti
587 2577 643 2608 cura
657 2560 763 2623 magistri
777 2595 786 2620 ,

186 2632 244 2681 Non
261 2637 333 2698 patris
344 2637 463 2698 asperitas.
481 2637 536 2686 Non
547 2640 570 2685 se
589 2651 661 2701 negat
672 2640 724 2702 ipsa
736 2643 835 2703 roganti
850 2675 859 2700 ‚

185 2710 238 2760 Nec
255 2728 335 2761 tumen
345 2714 377 2762 ell
391 2714 508 2778 potiunda
518 2717 561 2764 tibi
571 2735 577 2764 :
589 2733 632 2766 uec
645 2750 652 2774 ,
672 2731 698 2764 ut
712 2721 796 2764 omnia
808 2715 894 2778 fiant,

184 2785 238 2836 Esse
256 2805 322 2853 potes
338 2791 395 2840 felix
408 2811 415 2850 3
430 2809 455 2842 ut
465 2793 547 2858 Dique
557 2797 714 2859 hominesque
723 2794 849 2843 laborent.

59 2918 62 2928 ¹
185 2866 257 2916 Nunc
271 2885 366 2935 quoque
383 2885 496 2920 votorum
513 2888 565 2936 pars
584 2889 630 2920 una
641 2872 674 2920 ell
687 2887 749 2921 vana
758 2889 893 2924 meorum:

135 2943 264 3014 755quue
277 2949 337 2998 mihi
355 2948 436 3000 faciles
444 2984 458 3012 ‚,
473 2947 593 3016 quidquid
605 2950 723 3014 valuere,
740 2948 873 3001 dederunt.

784 3027 911 3096 Quodque
