2056 3706
152 249 581 335 Marnnonenosrou
606 259 642 328 t.
671 257 737 329 ΙΙΙ.
773 247 822 327 ti·

102 385 163 436 Visa
176 388 229 437 Dea
246 389 293 436 eli:
306 387 346 436 alii
359 385 472 446 laudant,
486 383 634 452 dignamque
645 383 723 432 severi

103 463 248 529 virginitate
263 481 368 514 vocant:
382 482 434 530 pars
454 467 547 516 invenit
559 479 658 528 utruque
669 462 755 509 causas.
824 479 867 529 ²55

105 543 162 592 Sola
178 545 241 592 Jovis
252 549 340 608 conjux
350 561 400 593 non
411 560 461 592 tam
473 543 584 606 culpetne
595 543 710 606 probetne
829 607 834 616 ι

103 619 245 686 Eloquitur,
265 623 340 689 quim
357 621 425 672 clade
441 620 529 670 domtis
547 623 576 669 ab
596 621 703 684 Agenore
717 617 789 668 dune

102 697 210 749 Gaudet:
222 705 246 749 δι
258 718 271 750 a
282 702 357 763 Tyria
369 701 499 749 colleelum
512 697 598 762 pellice
610 696 720 745 transfert

67 835 69 843 k
99 771 128 824 ln
142 781 233 842 generis
245 781 321 828 socios
333 777 427 828 odium.
441 779 510 826 Subit
521 794 575 826 ecee
588 780 662 842 priori

99 854 181 904 Causa
199 873 295 915 recenst
307 856 481 922 gravidamque
492 855 560 904 dolet
569 853 599 904 de
611 856 698 902 semine
708 853 789 916 magni
824 855 872 894 260

99 932 154 982 Effe
169 935 234 984 lovis
246 935 362 984 Semelem
376 955 381 983 ι
394 951 447 984 tum
459 935 566 1000 linguam
578 931 608 982 ad
619 935 697 996 jurgia
707 931 788 980 solvit.

99 1011 198 1060 Proieci
209 1011 268 1078 quid
279 1017 342 1062 enim
355 1017 425 1064 toties
437 1029 480 1078 per
493 1015 582 1076 jurgia?
594 1010 663 1060 dixit.

99 1085 157 1152 lpsa
175 1089 278 1154 petenda
292 1094 351 1139 mihi
366 1092 416 1140 est:
429 1093 523 1155 ipsam,
535 1094 554 1138 si
567 1094 672 1138 maxima
683 1089 744 1136 luno

103 1166 164 1214 Rite
174 1183 266 1223 vocor,
284 1166 381 1230 perdam
395 1186 401 1214 :
413 1172 433 1215 si
445 1183 484 1214 me
498 1170 644 1230 gemmantia
656 1164 739 1214 dextri

107 1242 208 1322 Sceptrp
224 1259 302 1292 tenere
320 1243 401 1304 decet,
415 1249 434 1292 si
447 1246 498 1292 sum
513 1247 610 1308 regina,
624 1244 735 1308 Jovisque
825 1267 869 1321 ²⁶5

106 1317 141 1367 Et
162 1322 266 1370 soror&
281 1329 374 1384 conjux.
388 1322 462 1372 Certe
474 1325 548 1370 soror.
559 1325 605 1379 At,
620 1337 696 1387 puto,
709 1321 772 1370 furto
789 1319 822 1371 est

103 1396 243 1448 Contenta:
253 1403 278 1448 δι
292 1400 387 1448 thalami
399 1403 477 1449 brevis
492 1401 524 1448 est
534 1401 708 1465 injuriarrostri.

98 1475 237 1541 Concipit:
249 1476 275 1526 id
291 1476 370 1528 deerat
384 1477 572 1544 :manifestaque
583 1483 682 1528 erimina
693 1479 764 1543 pleno

97 1555 155 1604 fert
174 1571 241 1604 urero
253 1576 259 1605 ι
273 1560 296 1605 δε
308 1573 397 1615 mater,
410 1555 524 1622 quodvix
534 1560 592 1606 mihi
604 1561 706 1622 contigit
716 1559 774 1617 uni,
853 1595 857 1601 .

95 1633 136 1683 De
150 1633 210 1684 Jove
222 1635 276 1684 vult
286 1633 336 1684 fieri
347 1655 354 1683 ι
367 1651 431 1686 tanta
445 1637 477 1685 est
493 1633 581 1685 fiducia
599 1635 683 1685 forma:
695 1636 702 1685 l
821 1653 869 1699 ²70

95 1713 177 1762 fallat
193 1729 247 1762 eam
260 1747 267 1771 ,
286 1714 340 1763 saxo
353 1733 359 1764 a
371 1732 414 1764 nee
426 1717 478 1764 sum
490 1717 598 1764 Saturnia
611 1749 618 1772 ,
631 1719 711 1762 sinon

95 1791 134 1841 Ab
154 1791 217 1842 Jove
228 1793 352 1841 mersasuo
364 1795 456 1858 Stygias
466 1794 595 1858 penetrarit
604 1789 720 1841 inundas-

128 1951 215 2015 Surgit
232 1950 262 1998 ab
272 1951 309 1998 his
321 1948 396 1998 solio:
411 1948 527 2014 fulvique
537 1947 659 1998 recondita
670 1951 730 1998 nube

93 2027 183 2076 Limen
197 2024 249 2075 adit
260 2027 363 2076 Semeles
376 2046 381 2075 t
394 2043 439 2076 nec
449 2029 525 2076 nubes
537 2044 592 2077 ante
600 2031 718 2087 removit,

94 2105 178 2166 Qudm
192 2105 317 2154 simulavit
329 2121 401 2154 anum
413 2137 421 2160 ,
435 2107 562 2170 posuitque
571 2103 600 2154 ad
612 2120 717 2170 tempora
728 2121 798 2154 canos
808 2125 862 2172 >²75

92 2183 253 2247 sulcavitque
264 2197 345 2230 cutem
357 2187 436 2246 rugis,
449 2187 472 2233 δι
486 2199 555 2233 curva
567 2186 676 2232 trementi
703 2181 708 2196 '

92 2261 213 2311 Membra
228 2260 285 2309 tulit
302 2257 366 2324 passu
378 2280 384 2309 =
396 2279 479 2310 vocem
492 2279 586 2329 quoque
598 2262 654 2311 fecit
665 2263 752 2312 anilem
764 2283 770 2312 ε

92 2339 200 2404 Ipsaque
214 2337 241 2386 llt
254 2337 347 2398 Bero'e‘,
363 2341 463 2388 Semeles
479 2340 604 2405 Epidauria
618 2345 706 2389 nutrix.

92 2416 161 2481 Ergo
180 2417 244 2476 ubi,
261 2431 355 2480 captato
366 2419 490 2478 sermone,
509 2417 596 2484 diuque
611 2418 749 2486 loquendo,

92 2493 133 2545 Ad
146 2510 239 2544 nomen
254 2511 339 2544 venere
350 2496 432 2553 louis;
446 2498 560 2561 suspirat:
573 2503 613 2556 δι,
626 2499 716 2564 Optem
818 2487 868 2536 ²⁸0

91 2572 203 2637 Iuppiter
222 2587 249 2620 ut
263 2575 293 2621 sir
304 2607 312 2631 ,
323 2576 370 2621 ait:
380 2590 461 2624 metuo
472 2591 551 2624 tamen
562 2581 644 2626 omnia
657 2577 745 2626 :multi

92 2650 203 2699 Nomine
216 2651 337 2699 Diuorum
349 2651 465 2702 thalamos
475 2655 564 2702 subiere
576 2653 685 2719 pudicos.

94 2727 147 2776 Nee
159 2742 243 2776 tamen
260 2725 307 2776 elle
315 2729 379 2777 lovis
388 2731 441 2778 satis
453 2732 485 2780 est
493 2751 499 2780 t
508 2730 549 2780 det
559 2735 643 2798 pignus
655 2735 758 2792 amoris,

95 2806 121 2854 si
140 2804 216 2854 modo
227 2823 297 2855 verus
312 2810 331 2854 is
343 2807 374 2856 est
384 2827 391 2877 J
402 2826 551 2874 quantusque
563 2815 588 2858 δι
600 2809 676 2874 qualis
691 2809 719 2858 ab
737 2809 786 2857 alta

96 2881 194 2930 lunone
212 2887 341 2948 excipitur,
354 2901 430 2936 emtus
442 2887 542 2952 talisque
554 2901 638 2952 rogato
822 2885 865 2948 285

95 2958 148 3010 Det
163 2960 209 3010 tibi
221 2962 359 3028 completus
368 2982 374 3012 t
383 2968 471 3030 suaque
485 2979 538 3014 ante
550 2967 652 3030 insignia
666 2965 753 3013 sumat.
803 2957 806 2964 ’
