2078 3708
228 253 290 338 138
367 209 588 317 PssOvrnrr
605 251 799 316 NAsorrrs

222 369 319 421 Vellera
338 364 487 435 dependent:
497 373 597 420 humero
612 370 670 420 levis
682 370 779 419 incubat
789 369 866 418 hasta.

222 446 326 497 Concita
337 465 378 513 per
396 449 483 508 silvas,
502 449 571 497 turbi
582 452 713 498 comitante
731 449 845 508 suarum,

176 525 347 575 l95Terribilis
359 527 463 586 Procne,
482 525 595 593 furiisque
606 529 695 591 agitata
703 525 811 580 doloris,

221 601 313 652 Bacche
325 639 333 664 ,
356 620 406 653 tuas
416 603 520 654 simulat.
538 605 612 653 Venit
623 603 653 653 ad
661 603 750 653 stabula
761 606 812 654 avia
825 601 943 663 tandem,

221 680 396 748 fistulaeque,
411 683 522 747 Evot'que
537 683 618 737 sonat,
636 699 762 749 portasque
774 681 910 746 refringit,

222 759 414 825 Germanamque
425 761 502 825 rapit,
520 775 639 827 raptaque
650 763 752 824 iusignia
763 759 853 808 Bacchi

222 833 303 886 Induit
311 855 317 886 r
325 840 351 886 bt
360 837 439 886 vultus
450 835 590 888 hederarum
602 837 726 888 frondibus
738 837 820 898 abdit,

174 915 404 982 ‘austrorumque
416 917 509 965 trahens
524 919 584 964 intra
596 919 636 965 sua
647 918 731 966 limina
744 915 820 965 ducit.

223 992 256 1042 Ut
267 997 338 1043 sensit
352 991 454 1058 tetigisse
464 991 565 1043 domum
580 995 715 1044 Philomela
728 992 874 1055 nefandam,

223 1071 322 1121 Horruit
338 1073 421 1121 infelix
433 1091 441 1131 3
455 1088 555 1140 totoque
574 1073 688 1139 expalluit
704 1091 755 1122 ore.

222 1143 297 1199 Natta
316 1150 397 1204 locum
414 1152 504 1200 Procne
516 1187 525 1210 ,
537 1152 658 1200 sacrorum
675 1155 773 1216 pignora
784 1148 881 1210 demit,

223 1227 318 1294 Oraque
336 1227 431 1279 develat
444 1232 534 1279 miserae
548 1227 686 1295 pudibunda
697 1232 791 1290 forori5

176 1313 187 1346 ‘
193 1317 204 1346 ἲ
212 1317 219 1358 1
227 1307 388 1374 ¹impleturque
408 1311 477 1373 petit.
490 1306 536 1357 Sed
550 1325 600 1356 non
612 1307 721 1358 attollere
732 1324 817 1358 contra

223 1385 323 1434 Sustinet
334 1387 384 1434 haec
401 1386 485 1434 oculos
495 1421 503 1445 ,
523 1386 599 1450 pellex
609 1387 654 1436 sibi
664 1388 713 1437 visa
723 1387 810 1434 sororis
820 1398 826 1435 'r

223 1460 369 1528 Dejeetoque
384 1466 409 1512 in
421 1465 522 1512 humum
533 1465 619 1524 vultu,
631 1470 705 1528 iurare
716 1465 809 1515 volenti

223 1539 359 1605 Tellurique
377 1541 462 1600 Deos,
477 1559 519 1606 per
533 1546 583 1591 viru
595 1545 639 1590 si'ri
652 1539 753 1592 dedecus
769 1540 831 1592 illud

224 1615 341 1676 illatum,
358 1635 401 1682 pro
418 1635 477 1666 voce
495 1635 579 1668 manus
591 1620 644 1668 fuit.
656 1616 744 1676 Ardet,
759 1621 783 1667 δι
796 1622 857 1667 iram

177 1697 191 1734 6
198 1693 282 1742 roton
299 1698 363 1758 capit
374 1697 423 1760 ipsa
433 1697 499 1744 suam
510 1697 600 1746 Procne
612 1715 618 1744 t
631 1695 762 1764 fletumque
773 1697 863 1746 sororis
890 1709 893 1714 ’

224 1768 377 1835 Corripiens,
396 1773 453 1822 Non
465 1774 496 1822 est
507 1771 617 1837 lacrymis
627 1771 681 1829 hic,
692 1777 772 1840 inquit
784 1809 793 1834 ‚
805 1773 942 1839 agendum,

224 1845 270 1897 Sed
283 1848 362 1908 ferro;
383 1847 423 1899 sed
438 1854 456 1900 si
468 1850 526 1917 quid
536 1853 606 1901 habes
614 1887 622 1912 ‚
635 1850 702 1918 quod
715 1843 810 1902 vincere
821 1853 914 1902 ferrum

224 1923 309 1975 Possit.
326 1927 353 1976 ln
364 1944 436 1978 omne
447 1929 512 1978 nefas
527 1947 571 1995 ego
581 1947 645 1992 me,
662 1944 787 1997 germana,
806 1936 898 2000 parari.

224 2002 272 2052 Aut
287 2021 331 2069 ego
343 2023 398 2056 cum
410 2008 499 2056 facibus
509 2009 597 2074 regalia
609 2011 668 2059 tefla
679 2011 812 2066 cremabo,

178 2083 203 2120 ‘¹
212 2079 348 2136 §Artificem
359 2083 443 2134 mediis
453 2089 584 2134 immittam
602 2087 676 2136 Terea
686 2087 803 2147 flammis3

223 2159 532 2224 Autliuguam,autoculos
541 2163 701 2228 ,autquaetibl
710 2167 816 2214 membra
823 2163 944 2230 pudorem

225 2237 393 2298 abstulerunt,
415 2238 479 2288 ferro
490 2243 579 2303 rapiam
589 2259 595 2288 r
605 2253 645 2288 aut
656 2257 696 2305 per
704 2241 803 2292 vulnera
813 2245 883 2293 mille

225 2316 943 2387 Sontemauimamexpellam.Magnum‚quoclcumq3paravi.

224 2392 290 2452 Quid
305 2395 352 2455 sit,
366 2391 442 2444 adhuc
460 2393 554 2444 dubito.
567 2395 660 2461 Peragit
671 2395 729 2446 dum
744 2397 801 2446 talia
812 2399 904 2449 Procne
917 2437 926 2461 ,

97 2507 99 2513 ι
173 2484 186 2522 c
195 2470 260 2523 sold
280 2487 380 2522 matrem
396 2475 505 2524 veniebat
517 2475 574 2536 itys.
588 2473 654 2535 Quid
669 2477 760 2540 possit,
774 2475 861 2525 abillo

223 2547 354 2598 Admonita
365 2549 397 2598 est
409 2569 414 2598 :
427 2551 550 2618 oculisque
563 2567 629 2603 tuens
640 2555 788 2613 immitibus,
803 2555 856 2605 Ah!
869 2555 944 2622 quzlm

127 2657 130 2662 v
223 2626 253 2675 Es
271 2626 355 2675 similis
370 2629 447 2691 parri!
464 2627 531 2678 dixit.
546 2631 596 2680 Nec
611 2633 679 2696 plura
699 2633 797 2692 locuta,

223 2705 298 2754 Triste
316 2705 497 2770 parassemus,
513 2709 632 2775 tacitique
646 2712 755 2760 exastuat
766 2710 811 2761 ira.

223 2783 258 2833 Ut
275 2800 354 2834 rumen
371 2789 469 2836 accessit
486 2801 568 2846 natus,
588 2785 826 2854 matrique'salurem

178 2861 329 2922 substulit,
348 2866 376 2910 bc·
389 2867 465 2928 parvis
478 2863 576 2914 adduxit
591 2865 654 2915 colla
668 2867 777 2925 lacertis,

223 2940 347 3010 Mixtaque
357 2939 478 2994 blanditiis
488 2943 617 3012 puerilibus
628 2944 710 3000 oscula
719 2947 818 3016 justise
