2056 3706
218 185 644 255 Marrnomnosrou
668 185 707 255 L.
730 184 761 256 I.
801 209 840 276 13

161 306 260 370 Separat
270 309 359 358 Aonios
369 309 451 358 aneis
462 308 548 358 Phocis
559 307 589 356 ab
600 297 678 366 ariis,

128 379 206 431 Terra
223 383 305 444 ferax,
318 383 375 434 dnm
387 400 449 435 terta
459 386 506 435 fuit
517 404 524 445 3
536 383 578 434 sed
593 401 701 450 tempore
712 389 736 434 in
747 385 791 436 illo

129 457 186 508 Pars
197 465 280 517 maris,
291 467 316 512 δι
330 463 391 512 latus
401 465 533 514 subitarum
545 479 643 527 campus
659 480 782 528 aquatum.
846 483 890 532 3¹5

130 533 201 584 Mons
211 539 244 586 ibi
261 542 389 590 verticibus
400 544 460 606 petit
478 541 564 590 arduus
573 541 633 590 astra
645 537 738 590 duobus
748 575 757 602 ,

129 613 232 664 Nomine
251 615 374 668 Parnassus
384 609 397 678 ‚¹
410 621 551 685 superatque
562 622 686 669 cacumine
696 620 778 669 nubet.
803 671 809 681 ,

124 690 173 740 Hic
190 696 231 743 ubi
249 695 403 756 Deucalion,
415 713 473 746 nam
484 713 564 762 cetera
579 711 669 747 texerat
682 713 780 758 aquot,

125 769 191 821 Cum
205 775 316 824 consorte
329 778 376 824 rori
386 775 459 839 parvi
471 789 521 826 rate
531 777 610 824 verius
623 773 721 824 adlusit
732 792 740 833 3

124 847 259 911 Corycidas
270 852 414 917 Nymphas,
429 857 454 902 δι
466 856 565 902 numina
575 855 665 902 montis
676 850 791 912 adorant,
848 858 895 906 320

123 927 306 997 fatidicamque
317 933 441 990 Themin,
453 949 505 998 quae
514 947 578 980 nunc
589 931 670 980 oracla
680 930 785 980 tenebat.

107 1035 111 1042 ι
124 1003 183 1054 Non
193 1007 238 1056 illo
255 1008 343 1058 melior
357 1012 500 1074 quisquam,
511 1026 555 1058 nec
569 1011 689 1062 amantior
702 1009 765 1072 aequi

124 1081 170 1132 Vir
183 1085 247 1144 suit,
263 1100 304 1134 aut
314 1085 358 1134 illd
369 1090 513 1136 metuentior
523 1086 575 1134 ulla
587 1086 707 1134 Deorum.

127 1160 236 1224 luppiter
252 1177 280 1210 ut
293 1161 393 1226 liquidis
403 1163 507 1225 stagnare
520 1160 646 1226 paludibus
657 1161 756 1218 orbem.

129 1237 162 1286 Et
178 1237 293 1302 superesse
303 1237 370 1290 videt
385 1237 415 1288 de
426 1238 546 1290 totmodd
557 1239 663 1288 millibus
674 1255 762 1298 unum,
846 1249 890 1298 325

129 1313 162 1363 Et
176 1314 292 1380 superesse
301 1315 407 1366 videtde
423 1315 543 1366 totrnodd
556 1316 662 1366 millibus
673 1332 744 1365 unam
755 1333 764 1374 ς

126 1391 246 1443 innocuos
263 1395 363 1454 ambos,
379 1395 482 1444 cultores
496 1399 601 1444 numinis
614 1396 714 1454 amb0r3

26 1531 28 1534 Ι
123 1468 215 1520 Nubila
228 1469 322 1537 disjecit
333 1474 484 1539 :nimbisque
496 1473 616 1540 Aquilone
627 1475 725 1522 remotis
729 1472 740 1534 ,'

122 1547 154 1596 Et
165 1550 228 1599 coelo
240 1565 312 1600 terras
326 1550 445 1612 ostendit,
459 1555 483 1601 &
495 1554 582 1602 aethera
597 1553 672 1600 tertis.

122 1624 174 1674 Nec
190 1631 261 1678 maris
276 1632 311 1678 ira
322 1645 403 1679 manet
412 1649 418 1678 r
428 1632 553 1694 positoque
564 1625 692 1692 tricuspide
701 1625 750 1676 telo
843 1639 853 1681 3
860 1636 891 1683 30

123 1702 218 1754 Mulcct
232 1723 303 1772 aquas
319 1709 394 1757 tector
406 1707 484 1772 pelagi
498 1726 505 1756 r
519 1709 634 1772 supraque
647 1701 796 1770 profundunt

122 1778 277 1842 Exstantem,
292 1799 361 1850 atque
371 1787 482 1834 humeros
497 1787 581 1834 innato
596 1786 685 1832 murice
698 1784 806 1844 tedium,

123 1858 265 1909 Carnicum
281 1861 382 1910 Tritona
391 1875 464 1910 vocat
474 1881 481 1911 r
491 1865 634 1925 conchaeque
646 1863 726 1910 sonaci

122 1938 240 2002 inspirare
258 1939 340 2003 jubct3
357 1937 490 2002 llusiusque
506 1941 529 1985 ὃ(
546 1937 645 1985 flumina
661 1940 728 2000 signo

121 2015 176 2064 iarn
193 2033 304 2067 revocare
320 2013 387 2066 dato.
398 2015 467 2066 Cava
481 2017 581 2064 buccina
593 2017 694 2064 sumitur
708 2014 745 2064 illi
790 2063 796 2074 ,
842 2019 885 2068 3³5

124 2093 244 2154 Tortilis,
262 2097 288 2142 in
302 2092 380 2142 latum
395 2110 448 2158 quae
460 2093 555 2142 turbine
565 2094 648 2142 crescit
658 2093 688 2141 ab
702 2096 769 2144 imo:

121 2169 228 2221 Buccina
239 2207 247 2230 ,
260 2189 312 2237 quae
324 2170 406 2220 medio
417 2173 527 2236 concepit
537 2185 563 2220 ut
570 2177 622 2220 a'e'ta
630 2186 724 2236 ponto,

122 2249 207 2298 Litora
222 2266 284 2299 voce
294 2251 384 2314 replet,
398 2250 439 2298 sub
453 2264 552 2316 utroque
565 2253 667 2315 jacentia
678 2249 781 2300 Phccbo.

122 2327 190 2376 Tum
199 2345 308 2393 quoquc,
327 2343 354 2377 ut
362 2344 404 2378 ora
412 2327 458 2376 Dei
467 2325 755 2379 madidirotantiabatbi

123 2403 252 2470 Contigit,
272 2409 296 2454 δε
307 2409 393 2456 cecinit
405 2403 477 2471 jussos
487 2403 570 2454 inflata
578 2420 700 2471 receptus,
841 2408 888 2454 340

123 2483 242 2542 Omnibus¹
253 2483 333 2534 audita
344 2485 376 2534 est
386 2484 509 2537 telluris&
519 2487 621 2550 aequoris
632 2482 701 2532 undis
713 2503 719 2532 r

122 2560 155 2612 Er
173 2563 258 2628 quibus
270 2561 302 2610 est
315 2560 384 2610 undis
400 2560 496 2622 audita,
509 2564 613 2612 co'e'rcuit
624 2577 718 2610 omnes.

121 2640 176 2689 Jam
195 2657 260 2690 mare
272 2634 327 2688 litu's
339 2641 410 2690 habet
422 2659 428 2688 r
439 2639 522 2705 plenos
533 2643 597 2705 capit
611 2639 692 2690 alveus
705 2653 785 2688 amnes
797 2655 804 2686 r

121 2717 233 2767 flumina
246 2715 386 2768 subsidunt:
398 2717 471 2766 colles
481 2721 542 2766 exire
554 2715 675 2780 uidentur.

120 2797 202 2859 Surgit
219 2797 306 2844 hurnus
317 2813 323 2842 r
336 2797 442 2844 crescunt
453 2795 507 2844 loca
519 2787 711 2844 decrescentibus
719 2789 798 2842 undis.
842 2797 885 2843 345

123 2871 224 2938 Postque
234 2871 300 2926 diem
311 2871 409 2940 longam
419 2871 509 2924 nudata
519 2874 644 2924 cacumina
654 2869 724 2922 silva
