2036 3714
124 267 553 364 isurauorrrroeuou
577 272 616 344 L.
638 276 700 342 XI.
732 279 797 344 261

83 385 239 448 Pallentem,
257 388 410 456 nudumque,
427 395 451 442 δι
463 391 541 443 adhuc
552 395 665 446 humente
676 392 765 460 capillo
775 427 785 456 ,

85 463 176 514 Infelix
188 464 250 516 vidi.
261 468 332 516 Stetit
342 470 388 518 hoc
400 470 540 520 miserabilis
551 473 603 536 ipso

85 539 150 590 Ecce
164 541 238 592 loto:
252 548 277 594 δι
287 547 388 610 querit,
400 546 497 611 vestigia
508 550 527 596 si
538 564 586 614 qua
596 549 720 613 supersint.

86 618 144 668 Hoc
161 635 211 670 erat
218 655 227 681 ‚
241 623 288 671 hoc
299 626 380 673 animo
391 622 458 689 quod
474 623 597 676 divinante
609 628 740 686 timebunt

86 696 120 746 Et
130 714 175 752 nt.
193 715 234 747 me
245 698 337 764 fugiens
349 735 357 760 ,
370 716 453 751 ventos
463 704 599 770 sequerere,
612 704 736 768 rogabant.
804 699 851 753 ⁶95

86 773 121 824 At
135 774 198 825 certi
213 777 302 827 vellem
312 813 321 837 ,
331 783 446 843 quoniam
458 782 573 844 periturus
584 781 681 836 abibas.

86 850 132 900 Me
150 869 248 920 quoque
265 852 385 905 duxisset!
402 857 494 908 Tecum
504 858 552 907 suit
566 858 641 920 utile,
661 873 760 910 tecum·

86 928 126 980 Ire
144 933 206 980 miin·
218 950 225 982 t
236 948 314 999 neque
325 936 389 983 eninr
399 933 490 985 devite
501 949 609 1001 ternpore
620 939 750 1002 quicquam

86 1007 150 1056 Non
168 1009 240 1058 timul
257 1007 353 1076 egissem
365 1031 371 1060 ε
383 1027 427 1062 nec
441 1027 506 1062 mora
522 1013 623 1066 discreta
633 1011 723 1064 fuisset.

87 1084 163 1138 Nunc
175 1088 256 1137 absent
264 1105 354 1153 pereo,
369 1092 442 1155 jastor
453 1107 516 1140 nunc
526 1091 635 1145 tinuibna
646 1093 742 1150 absente
808 1093 857 1139 70ο

86 1165 122 1214 Et
134 1199 143 1219 ‚
161 1168 212 1212 tine
223 1182 278 1220 me,
291 1182 330 1215 me
339 1182 426 1232 pontus
436 1169 516 1218 habet.
526 1167 661 1218 *Crudelior
669 1170 721 1233 ipso

87 1245 126 1292 Sir
141 1245 201 1291 mihi
210 1259 278 1292 mens
293 1243 394 1309 pelago,
413 1247 433 1293 ei
449 1248 524 1296 vitam
540 1245 625 1295 ducere
641 1249 704 1296 nitar

87 1320 212 1386 Longius,
230 1325 255 1370 δι
268 1335 335 1371 tanto
346 1338 450 1387 pugnem
461 1321 576 1388 supereffe
587 1320 676 1372 dolori.
701 1345 703 1354 =

85 1397 138 1448 Sed
153 1415 233 1465 neque
242 1401 371 1464 pugnabo,
383 1416 425 1452 net
439 1413 478 1460 te,
496 1397 646 1461 miserande,
657 1401 807 1467 relinquatur
864 1395 867 1403 '

87 1476 121 1526 Et
138 1477 183 1526 tibi
193 1477 351 1530 nunciarem
361 1481 457 1530 veniant
470 1495 550 1533 uomet
559 1498 565 1526 r
573 1481 646 1545 inque
652 1479 761 1544 sepulcro
772 1511 781 1538 ,
809 1505 854 1550 705

88 1556 114 1602 si
127 1569 180 1602 nou
191 1569 266 1614 urna,
279 1568 359 1605 tamen
370 1558 453 1621 junget
461 1572 506 1606 nos
517 1556 584 1605 littra
596 1559 631 1606 rai
641 1573 692 1608 non

88 1631 193 1680 Ossibus
203 1628 254 1686 offa
264 1635 339 1693 meis,
349 1647 374 1683 at
383 1649 473 1684 nomen
483 1637 581 1686 nomine
593 1649 700 1700 raugam.

124 1707 198 1758 Plura
208 1708 280 1760 dolor
294 1711 420 1774 prohibet:
435 1714 555 1778 verbaque
569 1715 697 1764 intervenit
706 1713 776 1764 omni

88 1785 198 1850 plangor
210 1820 218 1846 ,
235 1790 375 1838 &attonito
387 1791 488 1853 gemitur
500 1805 512 1837 e
526 1788 598 1840 corde
609 1791 743 1840 trahuntur.

87 1865 168 1914 Mane
182 1874 235 1913 'erar
246 1863 382 1930 :egreditur
393 1863 501 1915 teuit-ad
514 1865 569 1914 litus
581 1884 588 1914 r
605 1870 628 1914 it
639 1866 711 1914 iilum
811 1870 859 1916 7¹⁰

87 1939 179 1991 Maesta
189 1939 270 1990 locum
281 1944 384 2006 repetit,
397 1939 427 1992 de
438 1957 487 2007 quo
498 1941 611 2006 spedirat
622 1957 727 1992 euntem.

87 2019 225 2085 Dumque,
235 2019 345 2068 Moratur
355 2020 389 2068 ibi
397 2017 526 2084 triumque,
537 2017 583 2066 Hic
590 2019 720 2068 retinacula
728 2019 810 2079 solvit,

86 2096 149 2147 Hoc
165 2099 225 2146 mihi
236 2094 359 2148 discedens
371 2095 439 2148 dedit
449 2097 531 2147 oscula
541 2097 629 2156 litore,
644 2095 721 2158 dicit,

86 2174 209 2242 Dumque
219 2189 303 2229 notata
313 2175 390 2232 oeulis
401 2177 562 2232 reminiscitur
573 2177 642 2235 asta,
659 2174 795 2242 fretumque

87 2254 228 2317 prospicit,
246 2255 272 2302 ie
292 2251 398 2319 liquida,
415 2254 491 2318 spatio
501 2251 618 2312 distante,
635 2267 715 2302 tuetur
813 2251 857 2302 7¹5

87 2329 259 2396 Nescioquid‚
268 2334 335 2396 quasi
344 2345 439 2396 corpur,
447 2329 517 2397 aqui.
525 2329 742 2398 Primoque,quid
751 2330 813 2382 iilud
858 2377 859 2382 ,

88 2403 174 2460 Effer,
187 2421 237 2456 erat
247 2405 357 2458 dubium.
370 2409 424 2458 Post
432 2409 505 2474 quim
516 2408 614 2474 paulini
624 2409 715 2474 appulit
726 2408 805 2470 unda,

88 2483 140 2543 Et,
155 2487 263 2549 quamvis
275 2487 374 2547 aberat,
390 2503 476 2553 corpus
488 2502 568 2536 tamen
582 2483 628 2536 effe
641 2486 764 2554 liquebatt

89 2561 145 2626 Qui
157 2561 229 2618 soret,
247 2566 369 2628 ignorans,
380 2567 436 2631 quia
447 2565 585 2628 naufragus,
594 2568 676 2614 omine
684 2581 753 2615 mota
763 2565 812 2622 esti

89 2640 863 2712 Ettamquamignotolacrymamdaretstieuimiser,inquit,720

89 2717 211 2782 Quisquis
218 2733 257 2774 ea,
268 2721 293 2766 δι
303 2720 378 2786 siqua
388 2721 420 2769 est
430 2723 518 2784 coniux
529 2720 586 2768 tibi!
599 2719 616 2765 F
618 2719 718 2766 ionibus
727 2722 806 2772 atium

91 2796 134 2844 Fit
146 2798 245 2860 propius
255 2811 358 2862 corpure
371 2795 437 2864 quod
447 2813 497 2862 quo
511 2797 587 2860 magis
600 2793 642 2845 illa
654 2809 749 2855 tuetur,

92 2872 152 2923 Hoc
164 2875 243 2922 minut
253 2875 278 2923 dt
287 2877 366 2924 minua
375 2875 407 2925 est
418 2889 498 2924 amens
508 2875 558 2920 sua.
569 2872 668 2938 Jamque
678 2875 816 2940 propinqua

93 2946 234 3004 Admotum
241 2964 327 3016 terrae,
337 2955 389 3020 iam
398 2949 465 3020 quod
476 2951 618 3018 cognoscere
625 2948 717 3018 posset:
