2036 3714
119 308 545 382 MnrAsronrrroseou
559 309 596 378 L.
614 309 718 380 VIII.
742 331 807 396 177

89 432 160 482 sevit
176 436 202 481 δι
222 436 249 482 in
267 431 436 499 pecudesenon
451 434 493 482 has
503 431 610 498 pastorve
628 447 742 492 canesve,

91 506 147 558 Non
164 525 275 562 armenta
286 527 360 560 truces
371 509 468 576 poisunt
476 509 604 561 defendere
614 515 684 562 tauri.

89 583 229 652 Diffugiunt
244 589 347 654 populis
363 605 407 638 nec
417 591 441 638 se
453 624 461 649 ,
479 593 524 638 nisi
536 592 658 640 moenibus
669 590 747 650 urbis,

90 661 141 712 Eile
158 681 245 730 putant
257 681 322 716 turos
335 685 341 715 s
354 665 431 716 donec
444 667 635 733 Meleagros‚,&
648 665 695 724 uni

91 739 157 791 Leiia
176 760 264 794 manus
281 749 397 806 juvenum
409 750 489 794 coiere
502 743 614 810 cupidine
631 742 717 794 laudis.
811 753 856 796 30⁹
915 773 918 781 =

92 817 234 881 Tyndaride
252 825 362 887 gemini,
376 824 489 888 spedatus
503 823 608 872 castibus
620 822 697 882 alter,

91 895 155 946 Alter
174 915 238 964 equo
252 917 259 957 3
272 903 403 966 primasque
413 904 469 950 ratis
478 901 579 952 molitor
591 902 673 960 lason,

90 972 121 1022 Et
132 991 186 1024 cum
199 977 311 1028 Pirithoo
327 978 385 1026 felix
396 977 526 1028 concordia
537 980 641 1028 Theseus
652 1013 661 1040 ,

90 1051 119 1100 Et
139 1051 188 1102 duo
206 1053 342 1106 Thestiadae
352 1091 360 1117 ,
370 1057 495 1125 prolesque
505 1057 624 1122 Aphareia
635 1058 742 1120 Lynceus
755 1090 763 1115 ,

90 1127 119 1179 Et
134 1131 205 1181 velox
218 1131 291 1193 idas,
306 1137 330 1183 bc
339 1139 388 1200 jans
399 1152 448 1184 non
462 1135 552 1184 irmina
563 1134 677 1188 Caeneus,
812 1152 856 1197 roy

91 1209 272 1277 Leucippusque
283 1211 351 1261 ferox
362 1245 371 1272 ,
383 1211 510 1278 jaculoque
522 1214 621 1277 insignis
632 1211 744 1269 Acastus,

90 1287 264 1357 Hippothoosq
275 1308 282 1349 3
294 1289 404 1356 Dryasq,
422 1295 445 1340 dc
457 1305 535 1339 cretus
545 1291 678 1352 Amyntore
687 1288 787 1338 Phoenix
801 1321 810 1346 ,

91 1367 256 1434 Adoridaeque
272 1385 353 1433 pares,
371 1373 395 1418 δι
407 1365 489 1418 miilus
498 1369 528 1416 ab
538 1365 607 1416 Elide
619 1365 729 1428 Phyleus.

92 1442 141 1492 Nec
153 1445 277 1495 Telamon
287 1447 385 1506 aberat,
398 1449 527 1512 magnique
539 1461 631 1496 creator
639 1443 757 1494 Achillis:

93 1520 200 1590 Cumque
212 1522 388 1578 Pheretiade&
400 1525 512 1587 Hyanteo
528 1523 596 1574 lolao
814 1538 860 1587 310

94 1599 193 1667 Impiger
207 1597 347 1666 Eurytion,
359 1607 383 1652 &
394 1605 462 1652 cursu
473 1605 572 1654 invium
584 1601 693 1657 Echion,

93 1673 244 1747 Naryciusq;
260 1680 346 1737 Lelex,
361 1681 521 1747 Panopeusq3
540 1681 669 1746 Hyleusqs
687 1679 801 1744 feroxque

94 1753 206 1822 Hippasus
218 1793 228 1818 ,
246 1761 270 1807 δι
282 1762 365 1824 primis
375 1762 507 1808 etiamnum
518 1759 604 1808 Nestor
614 1762 639 1808 in
651 1761 731 1808 armis.

93 1831 123 1883 Et
142 1853 201 1901 quos
212 1835 361 1902 Hippocoon
374 1841 477 1902 antiquis
491 1839 558 1886 niisir
568 1835 691 1898 Amycliss

94 1909 269 1981 Penelopesque
285 1917 363 1968 socer,
376 1930 431 1964 cum
444 1915 567 1963 Parrhasio
578 1915 687 1972 Ancaeo,
815 1929 857 1976 315
902 1973 910 1986 .
930 1933 933 1945 ·

94 1988 285 2058 Ampycidesque
299 1994 387 2057 sagax,
404 1995 427 2040 bs
448 1990 527 2041 adhuc
539 2007 552 2040 a
563 1995 664 2056 conjuge
678 2003 742 2040 tutus

96 2067 212 2130 OEclidcs,
235 2074 388 2136 nemorisque
402 2066 474 2118 decus
492 2069 592 2132 Tegeaea
604 2067 686 2130 Lycei.

96 2143 176 2200 Rasilis
188 2149 247 2196 huic
262 2149 381 2196 summam
392 2145 518 2196 mordebat
532 2144 606 2194 fibula
617 2143 721 2204 vestem

96 2222 173 2274 Crinis
188 2241 242 2276 erat
260 2225 378 2290 simplex,
396 2221 489 2275 nodum
503 2223 615 2272 collectus
626 2225 652 2272 in
663 2238 747 2272 unum.

96 2299 130 2351 Ex
143 2305 245 2354 humero
262 2299 367 2369 pendens
378 2305 502 2354 resonabat
515 2305 617 2352 eburnea
629 2301 690 2352 laevo
815 2329 860 2376 3²0

98 2379 212 2433 Telorum
223 2384 300 2432 custos
311 2401 318 2430 r
329 2399 411 2432 arcum
422 2399 519 2450 quoque
528 2383 588 2432 laeva
597 2381 702 2430 tenebat.

98 2457 160 2510 Talis
174 2477 226 2511 erat
235 2460 321 2510 cultus.
333 2460 431 2520 Facies,
443 2477 517 2526 quam
528 2457 606 2508 dicere
615 2455 668 2508 veri

98 2536 235 2603 Virgineam
250 2542 275 2588 in
285 2555 378 2604 puero,
397 2537 513 2602 puerilem
529 2539 554 2586 in
565 2538 656 2601 virgine
667 2531 752 2600 polles.

99 2615 165 2668 Hauc
182 2619 270 2682 pariter
284 2613 364 2674 vidit,
383 2617 469 2680 pariter
482 2611 631 2676 Calydonius
646 2613 716 2662 heros
782 2642 785 2650 ·

100 2693 198 2760 Optavit
210 2729 219 2754 ,
233 2709 344 2744 renuente
365 2693 418 2742 Deo
427 2712 433 2740 t
443 2689 598 2756 flammasque
609 2689 709 2738 latentes
818 2706 861 2755 325

100 2771 204 2832 Hausit3
221 2776 245 2822 bc
258 2805 266 2832 ,
282 2772 320 2820 02
334 2770 410 2831 felix,
429 2773 449 2818 si
459 2786 531 2836 quem
540 2766 692 2831 dignabitur,
704 2770 799 2832 inquit,

101 2849 144 2898 liin
153 2854 231 2900 virum
243 2851 249 2899 l
270 2849 321 2900 Nec
332 2848 400 2916 plura
411 2850 492 2898 sinunt
508 2861 648 2910 tempusque
660 2842 785 2912 pudorque

103 2925 188 2977 Dicere
200 2947 206 2977 t
221 2932 296 2994 majus
306 2945 365 2992 opus
373 2929 455 2992 magni
467 2927 601 2974 certaminis
612 2938 689 2987 urget.

135 3006 198 3060 silva
208 3005 318 3074 frequens
329 3007 450 3064 trabibus,
463 3019 535 3070 quam
546 2998 738 3128 nullsccciqlerat
748 3014 818 3061 aetas,

629 3101 630 3105 ¹
707 3095 723 3130 u
