2078 3708
159 193 588 273 MrnAuonrrxosnou
605 189 642 258 L.
663 185 709 258 V.
739 209 780 256 10
789 208 800 275 ς

87 313 154 372 Dixit
167 356 175 382 ,
194 323 225 370 ab
237 321 306 370 holle
317 334 398 384 petam
409 337 415 366 t
426 316 507 368 vultus
517 317 616 366 avertite
626 312 731 372 vestros,

85 403 110 450 st
120 406 174 467 quis
185 404 277 451 amicus
289 398 353 450 adest
363 418 370 448 e
382 403 407 449 bc
418 399 540 464 Gorgonis
551 395 636 446 extulit
648 409 700 443 ott.
812 388 857 436 rie

87 477 170 538 Quaere
184 480 261 530 alium
273 513 282 540 ,
299 493 340 528 tua
351 493 424 544 quem
436 491 552 528 moveant
564 472 699 530 miracula,
715 467 777 522 dixit

87 553 232 603 Thescelus:
245 568 322 619 utque
334 567 406 602 manu
419 550 525 616 jaculum
538 547 611 598 fatale
626 545 725 610 patabat

85 631 201 690 Mittere,
221 635 248 680 in
259 633 309 680 boc
322 632 389 680 hesit
400 632 496 694 signum
507 624 537 676 de
549 640 669 676 marmore
682 620 755 686 gestu.

85 707 208 757 Proximus
217 708 384 774 huicAmpyx
394 724 402 755 e
413 707 489 756 animi
500 703 638 769 plenissime
650 700 732 765 magni

86 787 180 840 Pestora
193 785 311 851 Lyncidz
321 783 404 852 gladio
415 787 476 852 petit
492 802 498 832 t
514 787 586 848 inque
597 775 701 847 petendo
813 779 855 842 rit

85 865 185 916 Dextera
194 863 321 930 diriguit,
335 880 379 914 nec
391 865 451 914 cirta
462 873 548 920 mota,
563 875 607 908 nec
620 857 691 906 ultra.

86 947 116 994 At
126 944 210 995 Nileus
222 981 231 1006 ,
246 949 294 1012 qui
304 946 329 996 se
342 947 450 1011 genitum
460 938 614 1008 septemplice
626 936 686 988 Nilo

85 1021 215 1073 Ementitut
226 1038 279 1072 erat
291 1057 301 1079 ,
317 1021 402 1088 clypeo
413 1036 510 1087 quoque
521 1017 622 1068 flumina
634 1017 726 1079 septem

86 1100 187 1164 Argento
197 1103 310 1166 partim,
329 1102 416 1166 partim
427 1097 551 1148 celaverat
562 1111 636 1153 aurot

85 1177 164 1242 Aspice
177 1213 182 1230 .
197 1181 250 1238 ait,
266 1179 374 1238 Perseu,
391 1176 475 1226 nostre
487 1171 618 1240 primordia
629 1173 723 1236 gentis:
812 1174 857 1216 ¹90

85 1255 171 1322 Magna
183 1257 243 1307 feres
258 1261 347 1308 ucitas
361 1254 446 1306 solatia
456 1256 541 1304 mortis
553 1250 585 1303 ad
599 1252 710 1308 umbrat,

87 1335 107 1383 Α
119 1349 184 1400 panto
197 1331 315 1386 cecidisse
329 1336 382 1384 viro
392 1351 400 1382 t
412 1349 465 1398 pars
481 1331 566 1381 ultima
576 1331 642 1380 vocis

87 1410 114 1460 ln
127 1411 206 1463 medio
220 1409 346 1480 suppressa
361 1413 422 1462 sono
437 1409 469 1460 eii
480 1428 487 1460 t
500 1407 659 1473 adapertaque
668 1403 731 1457 velle

88 1487 133 1539 Ota
143 1489 209 1556 loqui
221 1489 326 1549 eredas,
344 1505 387 1538 nec
398 1489 453 1537 sunt
464 1503 491 1536 ea
502 1489 582 1552 pervia
590 1486 677 1535 verbis.

88 1558 191 1625 Increpat
201 1565 263 1622 bos,
275 1563 392 1630 Vitioque
401 1565 491 1620 animi,
503 1577 553 1610 non
561 1561 680 1615 crinibus,
691 1561 787 1625 inquit,
812 1576 831 1612 ι,
842 1576 851 1618 5

90 1635 217 1702 Gorgoneis
234 1642 357 1706 torpetis,
373 1639 437 1701 Eryx
449 1656 455 1687 ε
467 1639 581 1688 incurrite
591 1651 687 1684 mecum
697 1653 719 1694 3,

89 1709 118 1760 Et
127 1715 264 1776 prosternite
277 1717 346 1766 humi
357 1718 467 1780 juvenem
477 1717 570 1777 magica
581 1728 646 1762 arma
656 1724 804 1762 moventem.

90 1787 221 1843 incursurus
232 1807 285 1844 erat
296 1811 303 1842 ι
315 1795 391 1844 tenuit
400 1791 498 1857 vestigia
511 1790 600 1850 tellus,

91 1866 249 1939 immotusque
262 1871 342 1927 silex,
357 1885 495 1935 armataque
504 1872 593 1919 mansit
604 1871 695 1934 imago.

90 1943 122 1994 lli
134 1962 210 1998 tamen
222 1967 248 1998 ex
261 1951 459 2013 meritopoenam
470 1949 579 2006 subiere,
590 1943 702 1996 sedunus
808 1962 856 1999 tto
889 1987 891 1992 .

92 2021 160 2074 Miles
169 2043 217 2077 eret
228 2028 323 2084 Persei,
338 2042 383 2091 pro
393 2041 444 2090 quo
454 2021 514 2072 dum
524 2037 631 2088 pugnat,
642 2023 779 2082 Aconteus,

93 2100 199 2168 Gorgone
210 2104 354 2170 conspesii,
367 2103 422 2152 saxo
432 2103 556 2151 concrevit
566 2101 663 2150 oborto.

95 2177 166 2237 Quem
176 2197 238 2232 ratus
251 2182 364 2246 Astyages
375 2182 508 2228 etiamnum
518 2180 613 2238 vivere,
626 2178 701 2244 longo

93 2254 148 2306 Ense
159 2260 212 2312 serit
223 2281 229 2312 t
242 2261 324 2310 sonuit
336 2259 461 2308 tinnitibus
471 2259 532 2306 ensis
541 2261 626 2307 acutis.

94 2333 156 2385 Dum
165 2338 241 2404 stupet
251 2338 382 2404 Astyages,
394 2350 504 2387 naturam
516 2338 587 2385 traxit
599 2335 727 2399 eamdem,
810 2349 853 2392 ως

95 2410 277 2484 Marmoreoque
289 2429 369 2466 manet
379 2411 460 2465 vultus
473 2413 582 2464 mirantis
592 2417 619 2464 in
629 2432 680 2464 ote.

96 2485 198 2540 Nomina
208 2492 283 2557 longa
293 2507 361 2540 more
370 2490 403 2541 est
412 2487 492 2539 medii
502 2487 532 2538 de
541 2489 610 2553 plebe
620 2493 728 2542 vitorum

96 2563 177 2616 Dicere
188 2587 194 2618 t
207 2571 242 2620 bix
254 2584 350 2619 centum
359 2568 478 2618 restabant
488 2583 588 2634 corpote
598 2585 682 2636 pugne
694 2589 703 2630 3

97 2641 222 2708 Gorgone,
240 2649 276 2696 bis
286 2661 381 2698 centum
394 2647 516 2709 riguerunt
525 2663 626 2712 corpora
636 2681 645 2708 ,
655 2648 716 2699 viss.

96 2714 195 2770 Poenitet
205 2719 285 2788 injusti
294 2737 358 2770 nunc
368 2717 472 2786 denique
482 2720 569 2769 Phinea
581 2720 650 2770 belli.
809 2732 857 2764 2¹0

98 2791 140 2842 Sed
149 2796 206 2860 quid
216 2805 289 2864 aget?
306 2796 433 2847 simulacra
441 2794 508 2846 videt
520 2794 611 2847 diverse
623 2797 723 2864 ligurit,
752 2836 765 2858 1,

98 2866 252 2945 ignoscitque
261 2879 316 2927 suos
328 2893 336 2925 .·
348 2879 373 2926 bt
384 2876 485 2926 nomine
495 2890 615 2942 quemque
627 2894 727 2932 vocator

643 2967 664 3017 E
684 2987 700 3021 ν
