2078 3708
133 267 565 338 Mernnorrnosrou
584 269 622 340 L.
641 271 685 341 V.
717 293 781 359 ¹19

95 389 145 442 inc
160 393 280 442 Arethusa
294 407 372 442 tenus.
384 393 499 442 Geminos
514 393 566 442 Dea
578 393 661 442 fertilis
672 407 760 458 anguet

66 470 180 520 Curribus
197 468 328 526 admovit,
340 470 459 538 frenisque
476 473 582 520 coe'rcuit
597 487 654 530 ora;

65 549 93 597 Et
108 545 216 597 medium
228 547 289 598 coeli
301 563 416 615 terraeque
426 565 468 614 pet
478 554 531 598 a'e'ra
545 551 612 599 vesia
624 548 670 608 est;

66 629 140 692 Atque
157 627 237 676 levem
247 643 351 677 curtum
362 625 490 678 Tritonida
501 631 567 677 misit
576 644 602 756 qr
611 643 690 678 atcem
788 643 833 692 ας

67 705 233 772 Triptolemo·,
245 709 386 776 partimque
394 705 448 757 rudi
461 705 516 757 data
524 709 581 756 semi
600 709 693 772 ajursit

67 787 175 850 Spargere
192 787 273 836 humo
284 820 294 848 ‚
307 789 396 852 partim
406 785 458 852 post
469 799 577 852 tempora
587 785 660 850 longa
671 782 777 834 tecultae.

67 863 116 911 lam
130 865 200 928 supet
214 863 334 930 Europen
350 864 458 914 sublimis
469 868 494 914 ue
505 861 576 914 Asida
587 878 659 914 terras

68 939 150 990 venus
164 957 215 992 erat
226 945 324 1008 juvenis
337 961 345 1003 3
361 944 482 1006 Scythicas
492 941 623 994 advertitur
634 957 696 992 orac.

70 1017 116 1066 Rex
128 1021 162 1068 ibi
179 1019 279 1083 Lyncus
290 1035 358 1071 erat:
371 1023 430 1090 regia
441 1021 504 1070 subit
514 1021 556 1071 ille
568 1035 672 1086 penates.
791 1029 839 1081 650

69 1096 228 1156 Quiveniat,
246 1101 394 1168 causamque
409 1102 468 1160 viae,
481 1115 618 1166 nomenque
630 1113 741 1163 rogatus.

71 1175 100 1225 Et
115 1180 225 1242 patriam.
239 1179 325 1228 Patria
337 1178 369 1227 eii
378 1177 448 1228 clara
459 1179 520 1226 mihi
531 1175 626 1236 ,dixit‚
642 1178 757 1236 Athen25

71 1255 231 1320 Triptolemus
249 1272 354 1306 nomen.
366 1255 428 1305 Veni
441 1271 484 1306 nec
495 1271 573 1320 puppe
583 1270 625 1322 per
635 1251 726 1312 undae,

71 1333 121 1383 Nec
135 1333 193 1400 pede
209 1353 252 1402 pet
264 1351 341 1386 tetras
352 1353 359 1384 ε
370 1336 448 1400 patuit
457 1335 518 1383 mihi
528 1336 622 1400 pervius
633 1333 714 1380 ather.

72 1411 142 1462 Dona
156 1413 208 1476 sero
227 1413 344 1474 Ceteris,
357 1412 418 1463 latos
429 1428 482 1484 quae
492 1413 569 1477 sparsa
577 1427 619 1480 per
632 1413 701 1475 agros
793 1425 839 1476 ⁶ii

73 1490 201 1558 frugiferas
216 1488 322 1551 messes,
339 1490 500 1557 alimentaque
510 1492 598 1550 mitia,
609 1485 721 1538 reddant.

75 1567 183 1618 Barbarus
193 1569 289 1622 invidit
297 1590 304 1622 a
313 1573 420 1638 tantique
432 1584 460 1619 ut
472 1570 576 1618 muneris
587 1569 668 1617 audior
775 1623 781 1636 .

76 1642 123 1710 lpse
136 1651 182 1704 eit.
197 1651 310 1717 hospitio
319 1651 420 1716 recipite
432 1650 566 1714 somnoque
576 1661 701 1714 gravatum

78 1723 214 1791 Aggreditut
230 1729 308 1779 ferro.
322 1727 460 1780 Conantem
473 1726 546 1793 figere
556 1728 635 1792 podius

78 1801 155 1864 Lynca
170 1805 242 1857 Ceres
264 1807 469 1872 fecit:tursusque
484 1823 525 1871 per
536 1811 588 1854 aira
598 1807 665 1855 misit
795 1815 843 1854 660

79 1880 231 1950 Mopsopium
244 1887 360 1952 juvenem
376 1887 455 1936 sacros
470 1886 558 1949 agitare
568 1882 669 1952 jugales.

112 2043 212 2098 Finierat
221 2045 300 2097 diane
314 2061 326 2095 e
337 2045 407 2099 nobis
416 2044 522 2100 maxima
531 2055 613 2092 cantus
624 2057 632 2090 a

84 2121 114 2170 At
122 2122 238 2190 Nympha
255 2122 338 2177 viciss'e
347 2125 411 2174 Deae
421 2158 429 2185 ,
441 2122 560 2173 Helicona
569 2120 689 2174 colenter,

85 2197 204 2252 Concotdi
215 2203 298 2255 dixere
309 2205 378 2252 sono.
393 2201 513 2252 Convicia
524 2202 591 2250 vitiae

87 2275 148 2328 Cim
158 2283 280 2344 jacerent,
298 2282 438 2342 Quoniam,
455 2277 532 2340 dixit,
545 2277 674 2328 certamine
684 2274 754 2326 vobis
799 2293 842 2344 ⁶⁶5

89 2357 229 2422 Supplicium
244 2356 356 2412 metuisse
372 2375 456 2425 parum
466 2358 516 2417 est,
528 2353 700 2420 maledictaque
710 2351 786 2418 culpae

88 2435 196 2500 additis,
211 2446 237 2492 dc
254 2457 305 2492 non
316 2439 348 2490 est
359 2441 473 2504 patientia
488 2437 562 2484 libera
576 2433 663 2490 nobis;

89 2512 174 2566 lbimue
183 2521 209 2568 in
225 2535 321 2586 prenae:
331 2522 371 2578 dc,
382 2515 510 2583 quivocat
519 2517 569 2572 ira,
581 2513 715 2578 sequemur.

90 2589 175 2644 Rident
191 2595 347 2658 Emathides,
361 2598 520 2661 spernuntque
531 2591 634 2640 minacia
643 2589 733 2646 verba;

91 2668 234 2742 Cunctaque
251 2677 338 2743 loqui,
355 2678 380 2726 dc
391 2689 480 2738 magno
492 2671 726 2732 clamoteproteruaa
800 2677 848 2724 670

92 2746 204 2803 intentare
214 2771 312 2815 manue,
323 2769 410 2819 pennas
420 2755 483 2802 exire
493 2765 534 2815 pet
545 2761 634 2815 ungues

94 2829 202 2894 Aspexere
217 2836 284 2895 suos,
300 2835 387 2899 operiri
399 2829 495 2880 brachia
509 2827 611 2893 plumis:

96 2905 215 2980 litoraque
230 2912 324 2963 alterius
339 2909 417 2975 rigido
427 2909 575 2958 concrescere
588 2901 663 2953 rostro

97 2981 143 3035 Ora
151 2986 246 3055 vident,
257 2989 412 3056 volucresque
422 3001 496 3040 notat
507 2980 617 3036 accedere
627 2981 701 3035 silvia.
