2036 3714
213 303 281 365 270
359 277 402 348 P.
419 278 792 348 OrrortNAsorrrs

211 402 349 452 Multorum
366 400 449 450 frustra
458 403 520 450 votis
533 415 614 465 optata
625 417 770 465 procorum.

212 475 337 530 Tenta'ilnr
350 479 432 528 Peleus
443 477 561 528 thalamos
571 494 668 544 quoque
678 477 783 528 forsitan
793 475 879 536 iliona

213 555 259 607 Sctl
276 563 326 624 jam
338 573 379 608 aut
390 560 541 622 contigerant
555 555 591 606 illi
602 558 724 608 connubia
737 559 825 606 matris
834 587 846 610 ,

168 637 263 690 iiillut
280 637 373 688 fuerant
383 633 511 701 promilia,
525 649 579 684 tue.
591 633 643 682 Nec
654 633 735 684 Certis
746 637 774 682 in
783 633 855 682 ullos

214 714 333 781 Denupsit
344 715 461 766 thalamos
474 731 480 764 t
493 716 629 778 secretaque
638 712 710 762 lirosa
718 729 821 777 carpens
831 745 844 771 ‚

215 795 331 861 AEquorei
341 799 391 846 viru
403 790 466 860 palla
477 791 524 841 Dei
542 793 588 840 elit
600 796 633 842 ita
643 793 716 841 Fama
733 792 841 840 ferebat.

215 867 297 934 thue
313 884 381 918 noue
392 867 490 916 Venetis
501 865 626 930 Neptunus
637 863 726 930 gaudia
735 868 803 930 cepit
815 883 826 923 ;

217 948 269 994 Sint
281 961 320 993 tua
331 959 388 994 vota
399 944 456 992 licet
468 977 475 1001 ,
495 940 571 1001 dixit,
583 943 662 991 secura
677 942 796 1007 repuisset

172 1024 287 1088 tooElige
299 1021 356 1090 quid
364 1039 460 1074 voveas.
473 1019 565 1072 Eadem
577 1025 622 1070 hoc
633 1037 730 1092 quoque
741 1021 760 1069 F
761 1037 818 1072 ama
834 1019 946 1075 ferebar⁴

218 1104 353 1167 Magnum,
368 1101 448 1151 Caenis
461 1103 510 1160 ait,
522 1099 580 1149 facit
591 1103 641 1148 haec
653 1101 740 1163 injuria
747 1114 842 1148 toturn
857 1119 866 1158 i

218 1181 278 1230 Tale
294 1184 343 1246 pari
354 1181 388 1228 nil
401 1177 465 1244 polle
477 1181 536 1228 mihi
549 1177 595 1238 da,
606 1177 696 1232 femina
704 1193 734 1226 ne
745 1180 812 1231 simt

220 1260 309 1308 Omnia
325 1260 465 1324 praestiterit.
478 1258 593 1308 Graviore
605 1259 735 1308 novissima
744 1255 811 1306 dixit

218 1337 299 1386 Verba
310 1339 384 1390 sono:
394 1352 534 1403 poteratque
549 1339 594 1386 viti
606 1353 651 1386 vox
662 1334 704 1384 illa
715 1333 818 1395 videri,

172 1403 286 1478 sorbicut
301 1431 359 1468 erat.
371 1418 435 1468 Nam
447 1421 565 1482 jamvoto.
574 1415 638 1464 Deus
649 1418 749 1482 equoris
760 1414 807 1464 alti

221 1497 342 1546 Annuerat
354 1515 361 1544 t
374 1494 518 1562 dederatque
534 1496 619 1560 super,
630 1510 659 1542 ne
671 1495 762 1542 saucius
773 1493 840 1547 ullis

221 1575 365 1624 Vulneribus
381 1573 446 1628 lieri,
461 1575 556 1624 ferrove
569 1575 712 1624 occumbere
722 1569 812 1640 poil‘et.

221 1653 322 1704 Munere
337 1652 404 1700 laetus
415 1655 478 1703 abit:
490 1651 618 1718 studiisque
629 1651 737 1700 virilibus
747 1667 837 1702 evum

222 1730 301 1796 Exigit
313 1729 453 1790 Atracides,
470 1733 604 1798 Peneiaque
615 1747 670 1780 arva
682 1741 799 1795 pererrat.

176 1819 223 1854 210
256 1809 362 1862 Duxerat
378 1808 550 1878 Hippodamen
562 1807 647 1860 audaci
661 1809 741 1864 Ixione
756 1823 856 1870 natusq

223 1889 406 1958 Nubigenasque
417 1889 497 1949 feros,
510 1891 593 1953 positis
603 1905 632 1944 ex
642 1887 726 1938 ordine
738 1889 834 1944 mensis
845 1921 860 1951 2

221 1969 353 2018 Arboribus
366 1971 428 2018 telio
439 1965 587 2018 discumbere
597 1963 694 2033 julstrat
705 1981 787 2016 antro.

222 2047 345 2104 Hemonil
355 2063 462 2112 proceres
474 2045 591 2106 aderant,
603 2043 727 2098 aderamus
738 2050 764 2102 bt
775 2047 828 2111 ipsi
841 2065 853 2107 i

224 2125 336 2191 Festaque
348 2125 450 2176 confusi
460 2127 586 2176 resonabat
596 2129 660 2190 regia
672 2123 750 2175 curbi.

80 2245 82 2248 Α
178 2205 288 2262 msice:
301 2219 390 2254 canunt
401 2205 568 2267 Hymenaeon:
582 2207 606 2254 bt
617 2205 712 2269 ignibus
722 2205 784 2253 atria
796 2203 929 2267 fumant3

225 2279 358 2348 Cinllaque
368 2281 432 2332 adesi
439 2286 508 2348 virgo
518 2297 624 2334 matrum
634 2297 787 2354 nuruumque
799 2287 910 2336 catervi
921 2322 936 2348 s

225 2359 349 2425 Praesigrtis
360 2360 430 2410 facie·
442 2361 547 2412 Felicem
558 2359 661 2410 diximus
671 2360 715 2410 illi
788 2387 793 2396 ·

225 2437 338 2504 Conjuge
350 2441 498 2490 Pirithoums
511 2437 579 2506 quod
594 2456 660 2505 paene
672 2438 806 2488 fefellimus
816 2457 919 2498 omem

225 2515 290 2565 Nam
308 2519 351 2566 tibi
361 2551 369 2577 ,
382 2519 498 2566 sevorum
509 2519 636 2572 sevissime
645 2517 831 2569 Centaurorum

180 2595 332 2658 ztoEuryte,
349 2596 424 2666 quim
439 2599 497 2646 vino
507 2599 604 2662 pelias,
622 2613 671 2646 tarn
682 2599 774 2661 virgine
784 2597 844 2647 ried
854 2633 865 2660 ,

227 2671 302 2727 Ardet
313 2691 320 2728 t
333 2676 358 2724 bt
369 2675 468 2724 ebrietas
479 2678 600 2740 geminata
612 2673 711 2726 libidine
721 2691 820 2740 regnat.

227 2753 339 2802 Protinus
353 2754 437 2807 eversa
448 2755 546 2803 turbant
555 2757 667 2804 convivia
679 2754 767 2802 mense
774 2788 783 2813 ,

178 2871 181 2880 .
228 2832 392 2898 Raptaturque
403 2835 479 2882 comis
494 2835 595 2898 pervim
603 2849 665 2883 nova
676 2835 910 2897 nuptaprebensis.

228 2909 332 2972 Eurytus
343 2909 534 2976 Hyppodamen‚
546 2910 587 2960 alii
597 2927 686 2978 ‚quam
697 2914 801 2976 quisque
813 2917 966 2978 probaram,

184 2990 278 3066 „plut
288 2981 418 3056 poterant,
430 2993 541 3060 rapiunt:
554 3005 676 3064 captaeque
688 3004 738 3044 erat
749 2991 818 3047 urbis
830 2994 935 3069 imago.
