2036 3714
124 331 601 406 Msrxuonmoszouz
614 323 718 404 VIII.
743 355 808 428 179

86 459 212 520 Vertere,
230 460 320 510 succiso
338 457 460 524 liquerunt
475 455 567 522 poplite
583 458 658 507 nervi

84 537 200 588 Forsitan
212 543 236 587 iit
252 539 332 602 Pylius
344 540 403 586 eitra
414 538 520 602 Troiana
533 533 629 601 petiiset
812 543 855 597 365

85 615 212 682 Tempora
225 637 231 665 :
244 615 302 678 fed,
324 618 404 664 sumto
416 613 495 680 positi
511 617 638 664 conamine
653 613 683 662 ab
694 613 774 674 hilia,

83 693 186 743 Arboris
208 695 315 755 insiluit,
335 711 387 760 quae
399 693 474 744 llabat
490 696 616 758 proxima,
632 694 717 740 tamise

84 771 268 840 Despexitque,
280 774 425 830 locotutus,
437 783 509 837 quem
521 771 628 836 fugerat,
638 769 739 820 hostem.

85 849 208 901 Dentibus
225 851 267 900 ille
279 851 346 900 ferox
357 853 382 899 in
393 865 484 916 querno
494 849 571 913 stipite
582 851 660 909 tritis,

85 929 203 980 Imminet
221 931 313 987 exitio.
330 928 488 994 frendensque
499 929 631 977 recentibus
648 927 738 988 armis,
811 936 857 982 370

86 1007 212 1058 Othriadae
232 1012 313 1074 magni
324 1007 399 1058 rostro
410 1007 489 1058 femur
499 1008 578 1056 hausit
588 1004 691 1056 adunco.

84 1089 120 1140 At
143 1089 253 1151 gemini,
276 1086 385 1136 nondum
402 1086 505 1137 colestia
516 1083 609 1140 sidera
622 1085 725 1152 frqtres,

85 1165 168 1214 Ambo
190 1168 328 1232 conspicui,
347 1169 402 1216 nive
416 1162 593 1214 candidioribus
608 1162 675 1213 eibi

85 1243 248 1294 Veciabanrur
268 1247 352 1312 equis.
346 1243 438 1293 ·atnbo
449 1245 540 1293 vibrata
551 1255 667 1308 peraurat

84 1321 213 1372 Hastarum
230 1322 334 1372 tremulo
345 1321 484 1388 quatiebant
495 1319 586 1384 spicula
595 1333 672 1369 motu.
811 1321 853 1374 375

84 1399 194 1452 Vulnera
213 1398 339 1461 fetilsent,
356 1402 402 1450 nisi
419 1402 503 1464 setiger
514 1401 575 1448 inter
587 1413 690 1463 opacas,

85 1479 140 1528 Nec
159 1479 254 1543 jaculis,
268 1477 322 1529 iffet
333 1495 396 1535 ,nec
411 1471 537 1546 equo'loca
545 1480 626 1544 pervia
636 1512 643 1536 ,
654 1478 733 1528 silvas.
771 1473 788 1506 '⁴

84 1557 238 1624 Persequitur
258 1557 376 1606 Telamon
388 1577 394 1606 ι
407 1555 532 1623 studioque
543 1559 652 1606 incautus
663 1553 751 1616 eundi,

85 1635 179 1684 Pronus
196 1637 227 1685 ab
241 1639 340 1686 arbor'ct'
350 1637 438 1686 cecidit
452 1635 530 1686 radice
542 1651 661 1696 retentus,
691 1685 693 1691 s

84 1713 153 1763 Dum
166 1715 230 1765 levat
239 1719 302 1764 hunc
323 1715 419 1775 Peleus,
435 1713 651 1782 celeremNTeg‘eaea
660 1715 770 1779 sagittam
807 1706 853 1768 3⁸0

83 1792 204 1857 Imposuit
216 1809 289 1844 nervo
300 1829 308 1850 ‚
325 1795 465 1858 sinuatoque
476 1793 567 1858 expulit
576 1809 640 1843 arcu.

80 1871 143 1920 fixa
163 1873 205 1920 sub
222 1889 276 1921 aure
296 1871 338 1920 feri
353 1873 473 1920 summurn
486 1870 608 1935 destringit
620 1868 712 1919 arundo

85 1947 202 2014 Corpus,
221 1953 245 1999 be
265 1953 350 2016 exiguo
362 1949 477 1998 rubefecit
489 1951 600 2012 sanguine
611 1950 679 1996 fetas.

84 2027 137 2076 Nec
150 2041 230 2076 tamen
243 2027 286 2076 illa
296 2029 332 2076 fui
343 2025 446 2076 succelsu
459 2025 536 2076 letior
552 2025 630 2085 ictis,

84 2105 166 2166 Quam
186 2105 322 2170 Meleagros
338 2117 396 2156 erat.
420 2107 512 2154 Primus
528 2102 735 2168 vidtffeputatun
808 2099 850 2160 385

82 2183 116 2232 Et
135 2187 225 2248 primus
238 2187 307 2233 foelis
317 2186 394 2233 visum
405 2179 531 2233 ostendiffe
543 2199 652 2233 cruorem
666 2201 673 2242 3

83 2261 115 2310 Et
126 2289 136 2322 ·,
158 2263 290 2322 Meritum,
303 2259 400 2321 dixisse,
419 2261 478 2310 feres
489 2265 583 2311 virtutis
593 2265 720 2316 honorem.

83 2339 206 2390 Erubuere
225 2344 285 2389 viri:
299 2331 369 2406 fsque
382 2343 554 2398 exhortantur,
568 2339 696 2390 &addunt
786 2372 789 2379 ·

83 2415 150 2466 Cum
169 2419 275 2468 clamore
288 2421 380 2468 animos
392 2423 547 2485 :jaciuntque
560 2421 611 2467 sine
621 2417 705 2468 ordine
713 2419 769 2468 tels.

84 2495 167 2544 Turba
182 2513 255 2545 nocet
270 2499 355 2563 labiis&
367 2502 392 2546 bt
403 2532 412 2552 ‚
423 2513 483 2562 quos
495 2501 555 2561 petit
567 2533 575 2557 ,
590 2495 692 2562 impedit
702 2501 768 2546 ttius.
806 2501 851 2546 390

116 2574 198 2629 Eece,
221 2575 300 2625 furens
319 2577 454 2624 contraius
469 2575 531 2636 fara,
544 2575 678 2640 bipennifer
690 2575 759 2626 Arcas
767 2609 776 2636 ,

83 2652 177 2702 Difciee
195 2653 304 2703 femineis
316 2653 375 2721 quid
388 2653 434 2702 tela
445 2653 523 2704 vitilia
533 2653 654 2718 prestent,

83 2733 106 2781 0
127 2737 224 2798 juvenes
237 2733 243 2781 !
257 2735 370 2798 operique
388 2750 443 2782 tneo
453 2730 577 2786 concedite
589 2766 598 2792 ,
611 2729 680 2780 dixit.

82 2811 137 2876 Ipsa
148 2813 194 2860 suis
206 2811 263 2860 licet
279 2814 341 2860 hunc
357 2812 455 2860 latonia
466 2824 576 2875 protegat
592 2811 683 2864 armis,
719 2845 721 2848 -

84 2889 156 2938 Hunc
174 2903 276 2949 tamen,
294 2887 384 2947 inviti,
397 2891 498 2952 perimet
510 2903 562 2938 mea
575 2885 673 2948 dextra,
687 2887 774 2938 Diani.
806 2891 849 2939 ³95

83 2967 156 3016 Talia
173 2967 341 3032 magniloquo*
355 2964 460 3015 tumidus
478 2973 652 3016 memoraverat
666 2981 725 3014 oret

82 3046 273 3111 Ancipitemque
284 3059 361 3096 'manu
374 3043 462 3095 tollens
475 3043 576 3110 subque
586 3045 709 3171 depluunt,
738 3075 741 3080 -

647 3137 671 3186 vl
