2078 3708
247 293 336 374 '1144-
393 281 435 351 Ρ.
456 274 823 348 ΟνωηΝΑεοΝιε
888 261 893 268 ’

197 411 229 462 ⁶5
249 407 327 470 Scylla
339 421 409 470 rapax
420 403 516 452 canibus
527 397 607 449 Siculo
620 397 705 446 latrare
715 388 854 459 profundo?

248 484 342 549 Nempe
351 497 432 533 tenens
440 477 505 546 quod
514 495 579 537 amo,
591 469 965 542 gremioqueiolasonishaerent‚

247 563 293 612 Per
309 561 370 611 freta
381 560 453 624 longa
462 558 542 606 trahat
554 575 560 603 a
572 552 633 602 nihil
642 551 713 600 illurn
724 547 835 613 amplexa
850 545 966 600 uerebot5

248 643 316 700 Aut,
333 643 353 689 ti
368 635 426 705 quid
438 651 543 684 metuam
553 667 561 692 ,
571 647 677 681 metuam
688 625 718 677 de
729 629 832 690 conjuge
840 623 906 672 solo.

250 719 429 785 Coniugiumne
444 729 533 773 vocas,
545 709 695 775 speciosaque
704 705 807 754 nomina
818 701 898 765 culpa

199 811 234 856 70
251 797 375 861 imponis,
396 789 497 846 Media,
508 791 574 839 cuae!
587 789 645 853 quin
656 786 732 850 aspice
744 795 865 848 quantum

248 869 392 938 Aggrediare
407 868 472 918 nefas
485 886 490 915 :
504 870 529 915 δι
541 900 549 926 ,
559 863 622 914 ὼιω
633 863 703 920 licer,
715 858 794 924 effuge
806 860 909 905 crimen.
1000 915 1002 920 Α

249 949 318 999 Dixit
330 967 336 997 t
346 952 372 998 uc
388 961 442 996 ante
455 944 540 994 ocus-os
550 945 655 1000 redium,
666 943 802 1005 pietasque,
814 931 943 999 pudorque
1003 931 1009 948 ·’

250 1025 412 1077 Constiterant
423 1043 429 1072 t
442 1027 465 1072 δι
480 1023 541 1071 vista
551 1018 624 1070 dabat
635 1024 682 1084 jam
695 1033 760 1081 terga
771 1012 882 1078 Cupido.

248 1103 301 1153 ibat
317 1101 348 1152 ad
364 1105 471 1168 antiquas
485 1101 585 1150 Hecates
597 1094 719 1146 Perseidos
734 1111 802 1153 aras,

197 1195 230 1244 75
250 1181 314 1242 Quat
331 1197 413 1231 nemus
425 1179 581 1236 umbrosum,
596 1178 729 1240 secretaque
740 1173 798 1220 siiva
812 1170 933 1234 tegebant.

251 1257 282 1307 Et
301 1261 350 1324 jam
362 1257 430 1308 fortis
441 1272 504 1315 erat,
521 1255 647 1321 pulsusque
659 1251 774 1302 resederat
784 1249 874 1307 ardor,

249 1334 316 1385 Critn
336 1333 402 1386 vider
412 1332 558 1392 AEsooidrm
576 1333 731 1396 exstindirque
748 1325 848 1376 flamma
859 1327 951 1374 revixit.

249 1412 370 1462 Erubuere
380 1429 445 1478 genae
455 1447 463 1471 ,
484 1427 584 1477 totoque
595 1405 718 1458 recanduit
728 1423 778 1456 ore.

249 1489 285 1540 Ut
302 1490 363 1540 solet
377 1507 391 1539 a
405 1491 483 1540 ¹ventis
498 1491 611 1537 alimenta
625 1484 753 1539 assumere,
766 1497 869 1550 quaeque

202 1571 234 1619 80
250 1566 324 1617 Parva
334 1569 376 1616 sub
382 1565 481 1616 'indusid
492 1565 562 1616 latuit
572 1564 676 1615 scintilla
686 1561 784 1621 facilli,

249 1644 376 1703 Crescere3
386 1641 422 1694 ’δι
432 1647 460 1692 in
473 1657 566 1694 ueteres
584 1647 673 1708 agitata
689 1642 807 1704 resurgere
817 1641 894 1694 uites5

250 1723 289 1773 sic
297 1726 347 1789 jam
358 1721 435 1789 ientus
452 1737 532 1782 arnor,
546 1725 595 1785 jam
604 1736 677 1786 quem
689 1717 799 1782 languere
810 1729 922 1780 putares,

249 1798 286 1849 Ut
297 1798 360 1850 vidit
376 1803 502 1866 Juvenem,
515 1799 590 1864 specie
601 1799 718 1863 presentis
731 1797 822 1844 inarsit.

250 1877 282 1928 Er
302 1879 356 1926 casu
371 1909 380 1934 ,
401 1876 473 1926 solito
485 1876 614 1925 formosior
630 1875 718 1923 AEsone
728 1887 796 1922 natus

196 1955 230 2016 -85
249 1953 296 2004 1111
313 1955 365 2004 luce
383 1953 428 2004 fuit
439 1973 445 2002 ι
457 1949 533 2018 posses
544 1955 665 2019 ignoscere
675 1954 773 2001 amanti.

249 2033 342 2098 Spestat
353 2051 359 2082 r
373 2035 431 2082 &in
442 2031 527 2090 vultu,
542 2030 617 2079 veluti
627 2037 691 2078 nunc
705 2027 807 2092 denique
818 2027 889 2080 viso,

249 2110 353 2160 Lumina
370 2107 417 2157 fixa
427 2121 506 2157 tenete
516 2123 559 2157 nec
569 2108 592 2156 se
604 2106 716 2154 mortalia
726 2103 824 2154 demens

165 2179 166 2182 ¹
249 2185 299 2234 Ora
311 2184 391 2237 videre
402 2199 471 2250 putat
483 2204 489 2233 r
502 2201 544 2234 nec
554 2187 578 2234 se
589 2181 694 2233 declinat
705 2185 734 2232 ab
743 2183 795 2231 rilo.

249 2263 285 2314 Ur
297 2261 355 2313 vetd
366 2265 486 2328 coepitque
496 2263 578 2328 loqui,
590 2261 745 2327 dextramque
754 2257 882 2326 prehendit

200 2363 233 2412 ρο
250 2343 358 2408 Hospes,
376 2344 399 2390 δι
412 2339 526 2389 auxilium
543 2339 657 2388 submissi
673 2357 733 2389 uoce
747 2341 857 2410 rogavit,

249 2419 409 2485 Promisitque
419 2434 498 2468 torum
505 2435 513 2477 3
526 2418 635 2481 lacrymis
646 2422 679 2467 ait
689 2419 731 2467 iiia
742 2417 855 2483 profusis.

249 2496 315 2558 Quid
325 2497 426 2546 sariam?
441 2494 526 2547 video:
538 2513 581 2545 nec
593 2513 632 2544 rne
642 2499 776 2562 ignorantia
787 2498 838 2544 veri

247 2573 359 2638 Decipiet
371 2591 378 2632 3
398 2571 439 2622 sed
457 2589 532 2622 amor.
546 2575 670 2623 Servabere
681 2589 778 2623 munere
790 2573 872 2622 nostro
884 2590 893 2622 r

248 2653 357 2700 Servatus
372 2647 484 2714 promissa
495 2648 561 2700 dato.
573 2652 617 2700 Per
627 2653 691 2700 sacra
701 2651 817 2702 triformis

199 2747 229 2796 95
248 2728 293 2777 ilie
307 2728 380 2788 Dee,
399 2726 501 2793 lucoque
511 2727 572 2777 soret
584 2727 748 2796 quodnumen
758 2731 783 2778 in
794 2729 858 2788 iilo,

249 2806 339 2872 Perque
353 2821 444 2872 patrem
462 2807 535 2855 soceri
545 2821 681 2856 cernentem
691 2809 774 2856 :unna
787 2807 882 2868 futuri,

249 2885 399 2950 Euentusque
415 2885 468 2932 suos
478 2899 538 2948 „per
548 2899 614 2932 tanta
623 2885 727 2949 pericula
737 2888 808 2948 iurat.

248 2961 363 3034 Creditus
373 2995 382 3024 ,
393 2964 485 3027 accepit
495 2975 599 3012 cantaras
610 2965 719 3028 protinus
729 2963 831 3024 herbas,

812 3039 968 3110 Edidicitque
