2056 3706
216 269 265 332 44
295 245 339 314 P.
374 247 574 312 Ovrnrr
605 245 832 311 Nasonis

217 368 267 426 At,
286 381 345 431 puto
357 401 365 426 ‚
380 382 430 415 non
442 365 524 426 ultro,
536 367 719 430 necquicquam
732 364 780 414 tale
794 377 927 428 rogantem

216 445 259 494 Me
277 448 360 505 petiit?
373 444 425 509 lpsa‘t
444 443 501 492 licct
512 447 580 498 laoca
592 443 687 492 Pallade
698 458 804 508 quaram

217 522 332 582 Quamvis
343 527 402 571 irata
419 523 466 581 est,
478 539 528 571 non
540 525 585 571 boc
599 525 658 570 irata
668 523 773 586 negabit.

216 599 280 648 Nam
295 617 334 649 me
345 599 465 649 Phocaical
475 601 552 648 clatus
564 600 649 648 tellure
659 599 804 656 Coroneus,

172 677 284 736 570Nota
302 679 409 744 loquor,
426 682 524 743 genuit:
537 677 675 742 fueramque
686 693 731 740 ego
743 679 807 740 regia
818 677 906 739 virg05

217 757 386 821 Divitibusque
405 759 501 821 procis,
518 773 548 804 ne
565 773 603 805 me
615 771 758 813 contemne,
771 757 878 818 petebar.

218 835 306 883 forma
322 837 383 884 mibi
402 838 502 884 nocuit:
515 851 586 894 nam,
602 832 660 883 dum
672 851 713 898 per
724 834 795 882 litora
813 833 886 880 lentis

218 913 325 960 Passibus
336 947 344 972 ,
356 927 383 961 ut
394 912 460 960 soleo
474 947 483 970 ,
506 913 599 960 summi
618 915 729 976 spatiarer
740 911 828 970 arend,

219 988 288 1040 Vidit
303 1025 312 1050 ,
328 994 352 1038 δι
363 991 463 1038 incaluit
474 990 552 1054 pelagi
567 990 629 1037 Deus
640 1003 728 1054 :utque
742 985 862 1052 precando

174 1060 216 1106 575
224 1070 343 1134 Tempora
356 1084 412 1116 curn
423 1065 518 1116 blandis
530 1069 661 1115 consumsit
671 1070 751 1115 inania
766 1065 844 1114 verbis
854 1082 862 1122 3

220 1147 277 1195 Vim
288 1161 371 1211 parat,
388 1149 413 1195 bc
430 1148 552 1211 sequitur:
566 1145 651 1209 fugio,
666 1143 813 1205 densumque
828 1145 942 1209 relinquo

220 1225 287 1273 Litus
300 1260 307 1284 ‚
327 1229 352 1274 bc
365 1229 391 1274 in
401 1223 473 1272 molli
483 1227 644 1290 nequicquam
660 1221 731 1271 lailot
742 1221 822 1271 arena·

220 1301 278 1350 Inde
290 1303 355 1351 Deos
365 1305 523 1366 hominesque
531 1319 595 1350 voco
607 1321 613 1350 r
624 1317 668 1350 nec
679 1303 781 1366 contigit
791 1300 873 1358 ullum

221 1379 275 1427 Vox
293 1396 346 1428 mea
363 1379 507 1428 mortalem:
517 1394 583 1427 mota
595 1380 627 1427 est
637 1395 680 1444 pro
691 1383 782 1444 virgine
793 1383 883 1445 virgo,

175 1445 392 1524 580luxiliumque
404 1457 469 1506 tulit.
487 1455 626 1505 Tendebam
639 1458 734 1505 brachia
743 1459 807 1506 coelo
819 1476 825 1506 r

222 1535 321 1584 Brachia
328 1549 452 1598 coeperunt
463 1535 553 1583 levibus
565 1536 695 1598 nigrescere
707 1538 799 1599 pennis.

223 1613 329 1676 Reiicere
344 1629 372 1660 ex
388 1615 492 1660 humeris
505 1613 593 1660 vellem
607 1612 728 1670 molibat3
746 1627 771 1661 at
783 1613 827 1662 illa

223 1689 308 1738 Pluma
319 1705 383 1749 erat,
399 1693 472 1754 inque
487 1705 566 1739 cutem
578 1688 668 1738 radices
679 1705 759 1754 egerat
769 1693 837 1740 imas.

224 1766 338 1832 Plangere
348 1765 413 1818 utrda
424 1761 483 1816 meis
498 1769 602 1818 conabar
617 1771 711 1833 pellora
725 1769 824 1834 palmis:

177 1842 270 1906 5858ed
282 1861 359 1910 neque
370 1848 419 1910 lans
430 1845 538 1911 palmas,
551 1862 594 1895 nec
608 1849 702 1912 pedona
712 1845 777 1896 nuda
787 1848 909 1912 gerebam.

224 1922 356 1972 Currebam
368 1941 376 1983 3
393 1940 454 1978 nec.
466 1939 493 1975 ut
505 1940 576 1985 ante,
588 1923 786 1990 pedes'retinebat
796 1941 884 1989 atena5

224 2001 255 2050 Et
271 2001 364 2051 summi
375 2003 477 2052 tollebar
488 2006 575 2052 humor
586 2019 642 2051 mot
654 2005 704 2051 alla
715 2021 757 2068 per
767 2019 833 2052 auras

224 2078 331 2136 Evehor,
343 2085 367 2130 δι
379 2079 434 2130 data
447 2083 500 2128 sum
512 2095 593 2128 comes
603 2080 725 2144 inculpata
735 2083 859 2132 Minervae.

224 2155 290 2216 Quid
304 2172 384 2206 tamen
394 2156 441 2206 hoc
452 2157 560 2222 prodest,
574 2161 593 2206 si
604 2189 614 2218 ‚
627 2155 679 2206 diro
691 2157 751 2208 fabia
761 2160 866 2208 volucris

179 2233 349 2294 590Ctimine,
361 2234 502 2298 Nyctimene
512 2235 594 2286 nostro
611 2237 722 2286 successit
730 2239 817 2288 honori
827 2241 837 2289 ἓ

257 2394 314 2454 An,
331 2411 384 2460 qua
398 2411 439 2459 per
450 2407 527 2444 totam
540 2410 576 2444 tes
587 2395 620 2445 est
632 2399 757 2446 notissima
765 2397 877 2459 Lesbon,

226 2470 284 2521 Non
295 2470 375 2520 audita
387 2473 431 2521 tibi
442 2473 474 2521 est
484 2476 493 2520 l
504 2477 609 2538 patrium
621 2473 744 2524 temeralle
755 2474 834 2524 cubile

225 2549 400 2611 Nyfflmenen?
411 2550 467 2599 Avis
477 2550 520 2599 illa
529 2549 628 2616 quidem
639 2571 645 2602 r
659 2551 700 2602 sed
710 2555 804 2602 conscia
816 2553 893 2618 culpo

230 2626 391 2692 Conspedlum
402 2626 527 2693 lucemque
538 2629 617 2694 fugit,
633 2632 782 2696 tenebrisque
792 2630 910 2697 pudorem

180 2697 316 2765 595Celat3
333 2707 358 2757 δι
372 2707 483 2774 :leuntiis
495 2707 622 2773 expellitur
631 2711 718 2760 ethere
730 2721 793 2761 toto.

261 2863 330 2913 Talia
342 2861 448 2926 dicenti,
466 2865 537 2926 Tibi,
557 2869 607 2927 alt,
623 2870 791 2929 temtamina,
806 2885 911 2932 corvus,

229 2943 280 2994 Sint
295 2959 378 3010 pretor
388 2944 431 2995 illa
441 2944 507 2994 malo
516 2963 522 2994 r
532 2959 576 2994 nos
588 2961 677 2998 vanum
686 2948 817 3014 spernimus
828 2961 911 3000 omen.
