2036 3714
96 258 529 327 Mrrnnonrrrosron
542 255 580 324 L.
598 257 662 325 XI.
689 261 755 346 263

13 379 167 445 Tempora
183 380 288 428 sortitus.
303 380 383 428 Frater
398 379 445 428 fuit
455 379 562 428 Hesloris
572 379 631 438 istet

13 458 81 517 Qut
94 493 106 517 ,
129 460 175 506 nisi
187 454 291 506 sensisset
301 455 378 521 prisnei
389 473 452 506 nova
463 455 513 506 fata
523 457 633 522 juventi,

13 537 154 586 forsitan
164 535 263 584 inferius
276 551 326 584 nort
338 535 437 584 Hestore
448 551 538 584 nomen
548 537 645 586 haberet
652 553 661 596 5
761 563 809 613 7⁶⁰

13 613 160 672 Quamvis
179 613 213 669 est
222 611 292 662 illum
303 612 380 678 proles
391 615 459 662 enixa
470 612 609 675 Dymantis.

13 689 148 738 AEsacon
160 689 272 738 umbrosa
282 681 365 738 luttint
376 687 489 755 peperisse
502 691 544 739 sub
557 689 600 740 lda

14 767 127 816 Fertur
143 766 285 827 Aletitho'e'‚
303 769 407 817 Granico
421 783 476 818 nata
485 769 588 818 bicorni.

18 844 136 894 Oderat
146 847 187 894 hic
199 845 266 895 urbes
275 865 281 894 t
291 843 416 911 nitidique
432 862 537 896 remotus
549 849 578 896 ab
590 846 644 899 aula

18 925 153 973 Secretos
172 938 286 984 montes,
302 928 326 972 dt
340 925 493 974 inambitiosa
506 925 602 976 colebat

20 1005 105 1054 Rura
120 1021 127 1050 ι
140 1019 185 1052 nec
198 1003 282 1050 iliacos
292 1017 385 1064 cottus,
403 1007 538 1064 ultimus,
551 1002 640 1053 adibat.

20 1081 98 1130 Non
111 1081 203 1145 agreste
215 1094 294 1129 tamen
306 1097 368 1141 ,nec
379 1082 561 1147 inexpugnabile
572 1083 657 1131 Amori

21 1159 126 1209 Peslus
138 1159 244 1218 habens,
260 1158 330 1208 silvas
340 1149 460 1224 captatam
471 1162 529 1225 sape
544 1176 585 1224 per
596 1175 696 1214 omncs,

24 1238 137 1301 Aspicit
155 1235 285 1301 Hesperien
296 1237 372 1301 patrii
385 1235 521 1287 Cebrenida
533 1235 600 1302 ripi,

23 1314 145 1377 Injeslos
156 1315 262 1362 humeris
273 1317 400 1364 siccantem
411 1313 460 1363 sole
472 1315 580 1380 capillos.

26 1393 97 1442 Visa
119 1393 186 1457 sugit
204 1392 334 1457 Nymphe,
353 1393 428 1442 veluti
439 1397 562 1458 perterrita
573 1391 668 1444 fulvum

28 1470 125 1521 Cerva
145 1471 249 1536 lupum,
261 1469 378 1536 longique
393 1470 446 1520 lacu
462 1469 575 1536 deprensa
585 1471 667 1521 relislo

28 1549 196 1612 Accipittem
209 1545 311 1598 fluvialis
322 1565 387 1598 anas.
406 1548 485 1608 Quam
496 1549 584 1598 Troius
598 1552 667 1600 heros

29 1627 184 1692 insequitur
196 1644 202 1674 ι
214 1625 361 1691 celeremque
376 1640 441 1676 metu
453 1626 514 1676 celer
526 1643 594 1694 urget
609 1645 699 1678 amore.

29 1704 104 1753 Ecce
118 1739 128 1764 ,
139 1703 216 1754 latens
227 1702 299 1752 herba
310 1703 423 1763 coluber,
436 1704 547 1770 fugientis
558 1704 652 1756 adunco
766 1713 812 1760 775

30 1781 125 1830 Dente
135 1777 226 1846 pedem
238 1779 345 1845 stringit,
362 1783 472 1848 virusque
481 1786 506 1831 in
518 1799 616 1848 corpore
627 1783 736 1850 linquit,

33 1858 112 1908 Cum
124 1855 180 1907 vitai
195 1855 311 1924 suppressa
322 1858 378 1922 suga
390 1858 438 1906 est:
451 1859 601 1923 amplectitur
614 1877 694 1911 amens

33 1936 211 1993 Exanimem
222 1935 371 2000 clamatque,
383 1937 465 2002 Piget,
477 1939 542 2000 piget
552 1933 597 1985 ell'e
608 1939 714 1987 secutum
725 1954 733 1996 ς

35 2013 88 2064 Sed
100 2030 158 2063 non
167 2015 213 2062 boc
225 2016 294 2062 timui
305 2029 423 2062 :necerat
434 2015 494 2061 mihi
507 2016 600 2062 vincere
611 2015 680 2064 tanti.

35 2089 204 2142 Perdidimus
214 2092 324 2140 miseram
334 2107 378 2140 nos
389 2105 412 2140 te
424 2088 473 2139 duo
483 2109 488 2138 ε
497 2090 583 2139 vulnus
595 2091 624 2138 ab
638 2106 734 2156 angue,
768 2090 817 2150 780

36 2172 59 2220 Α
73 2187 120 2219 me
131 2171 204 2218 causa
214 2166 270 2218 data
281 2169 320 2217 est.
334 2169 386 2233 Ego
398 2171 443 2216 sim
452 2169 586 2218 sceleratior
597 2167 641 2217 illo
653 2203 663 2229 ,
752 2189 753 2192 ¹

37 2249 75 2300 Ni
96 2250 166 2308 cibi,
183 2262 260 2297 morte
270 2246 340 2308 mel,
353 2251 436 2296 mortis
447 2247 530 2296 solatia
541 2251 645 2296 mittam.

38 2329 119 2378 Dixit
131 2345 137 2376 :
154 2329 180 2375 δι
198 2343 210 2375 e
220 2325 319 2391 scopulo
329 2359 337 2386 ,
350 2341 421 2394 quem
432 2341 502 2374 rauca
512 2322 637 2374 subederat
648 2321 727 2379 unda.

41 2409 72 2456 Se
100 2401 211 2454 deditio
223 2419 334 2468 pontum.
350 2404 440 2466 Tethys
451 2405 563 2468 miserata
577 2401 704 2452 cadentem

40 2483 168 2534 Molliter
186 2485 279 2546 excepit
291 2499 297 2530 e
309 2496 453 2548 nantemque
464 2498 504 2546 per
515 2497 610 2548 aequora
621 2483 704 2546 pennis
769 2473 802 2540 ¹73
807 2491 817 2540 5
855 2497 858 2504 ·

43 2562 127 2612 Texit
138 2594 147 2620 ,
171 2561 196 2608 tc
206 2573 294 2624 optata
307 2575 357 2608 non
368 2559 401 2608 est
410 2557 466 2610 data
476 2559 544 2624 copia
561 2561 653 2609 mortis.

43 2637 200 2704 indignatur
209 2653 290 2687 amans
300 2638 403 2687 invitum
416 2639 495 2690 vivete
511 2639 583 2702 cogi,

45 2717 200 2780 Obstarique
212 2717 295 2764 animae
307 2749 315 2774 ‚
328 2713 413 2764 miseri
424 2713 453 2764 de
464 2713 517 2764 sede
528 2714 621 2763 volenti

44 2793 135 2843 Exite.
148 2791 231 2859 thue
248 2807 321 2842 novas
332 2795 436 2842 humeris
447 2791 583 2840 assumserat
592 2790 640 2840 alas
651 2825 660 2850 ‚

46 2869 189 2921 subvolat:
198 2884 268 2936 atque
279 2872 366 2918 iterum
374 2885 459 2934 corpus
469 2870 538 2934 supet
548 2883 643 2933 aeqttota
653 2869 738 2918 mittit.
773 2873 821 2922 790

47 2950 145 3002 Pluma
160 2947 225 3002 levat
235 2949 309 3001 casus.
319 2947 385 2998 Furit
397 2947 493 3000 AEsacos
504 2963 511 2996 t
524 2947 596 3015 inque
605 2944 753 3012 profundunt

764 963 808 1018 7⁶5
870 933 885 984 -1

765 1349 813 1395 770
