2056 3706
218 287 263 370 84
360 283 404 354 P.
447 287 604 356 Ournrr
640 293 837 360 NAsortts

166 401 347 473 assonmbiguus
358 405 431 458 fuerit
441 407 517 460 nioeld
526 411 562 462 vir
572 445 581 471 ,
592 408 669 462 modo
680 411 789 474 semina,
800 413 921 474 Scythen.

248 551 937 624 Tequoque,nuncadamas,quondamfidissimeparto,

216 628 298 681 Celmi
310 665 318 692 ,
333 633 405 682 Jovir
419 633 534 700 largoque
546 637 608 686 satos
620 635 720 686 Curetas
732 638 761 685 ab
771 636 844 685 imbri
854 654 863 695 3

215 709 248 759 Et
258 727 364 767 ctocon,
381 715 406 761 in
417 729 503 778 parvos
514 717 607 764 versum
619 731 675 763 curn
688 714 789 763 Smilace
799 711 891 768 flores,

215 788 333 840 Pretereo
345 808 351 839 :
364 787 476 858 dulcique
490 795 584 842 animos
595 796 702 843 novitate
715 792 811 842 tenebo.

169 953 213 1018 ²⁸5
249 947 320 1020 Unde
331 949 362 1000 sit
372 943 486 1012 infamis,
498 969 571 1018 quare
582 951 643 1002 mali
656 949 756 1004 fortibus
768 947 839 1002 tradis

216 1026 329 1077 Salmacis
341 1045 452 1086 enervet,
466 1033 587 1098 tasiosque
599 1031 720 1080 remolliat
730 1045 811 1090 artus;
882 1073 884 1080 .

215 1104 316 1155 Discite.
329 1105 408 1157 Causa
416 1108 477 1158 latet
488 1128 493 1157 :
506 1113 542 1159 vis
554 1109 586 1158 est
596 1111 722 1158 notissima
732 1107 816 1159 fontis·

216 1182 339 1235 Mercurio
349 1203 448 1252 puerum
460 1185 516 1237 diva
528 1185 668 1238 Cithereide
679 1201 763 1236 natum

217 1262 308 1314 Naides
319 1264 388 1315 Idaeis
399 1269 531 1317 enutrivere
543 1267 585 1315 sub
596 1269 668 1316 antris
678 1285 686 1326 3

77 1377 84 1384 ,
170 1339 294 1408 290Cujus
304 1357 354 1392 erat
364 1343 450 1404 facies,
465 1347 549 1410 inqua
559 1360 682 1411 materque
693 1359 807 1412 paterque

217 1417 341 1484 Cognosti
353 1419 447 1487 possent
459 1442 466 1472 a
479 1439 569 1472 nomen
580 1440 676 1490 quoque
688 1426 759 1474 traxit
769 1425 798 1472 ab
808 1421 870 1473 iliis.

216 1497 238 1546 ls
248 1533 256 1558 ,
267 1502 312 1548 tria
322 1498 377 1548 crim
389 1499 494 1565 primtim
508 1500 565 1550 fecit
575 1505 738 1569 quinquennia
748 1539 756 1565 ,
766 1516 869 1574 'montes

216 1575 328 1626 Deseruit
340 1581 429 1644 patrios
441 1596 449 1638 ς
462 1577 553 1646 ldique
564 1579 646 1630 altrice
657 1579 755 1644 relisis,

217 1653 308 1720 ignotis
320 1671 395 1705 errare
407 1656 483 1718 locis,
499 1661 583 1724 ignota
594 1657 675 1709 videre

169 1732 235 1783 ²⁹lf
237 1735 345 1796 lumina,
359 1733 494 1802 gaudebat5
507 1735 585 1787 studio
596 1741 718 1787 minuente
729 1735 849 1787 lahorem.

165 1841 166 1849 κ
190 1825 194 1832 ·
216 1814 261 1864 Ille
272 1817 345 1866 etiarn
357 1815 440 1878 Lycias
452 1817 538 1877 urbes,
551 1817 677 1883 Lyciaeque
687 1819 837 1882 propinquos

217 1893 291 1944 Caras
302 1891 361 1944 adit.
373 1892 447 1943 Videt
458 1893 498 1944 hic
509 1896 616 1960 stagnum
628 1895 728 1944 lucentis
738 1891 768 1944 ad
778 1897 857 1942 imum

216 1971 299 2038 Usque
310 1972 389 2022 solum
400 1973 504 2038 lymphae
518 1993 524 2023 ε
537 1991 587 2024 non
599 1973 650 2023 illic
662 1989 737 2022 canna
748 1971 857 2038 palustris

219 2051 271 2101 Nec
285 2049 371 2101 steriles
382 2052 460 2108 ulvae,
471 2069 515 2101 nec
526 2051 595 2100 acuti
605 2049 701 2115 cuspide
712 2053 785 2117 iunci.

171 2130 356 2194 3ooPerspituus
366 2130 446 2196 liquor
456 2130 489 2179 est
501 2149 507 2180 z
520 2129 593 2196 stagni
604 2143 685 2179 tamen
696 2129 781 2179 ultima
791 2132 849 2180 vivo

219 2206 315 2273 Cespite
327 2209 472 2272 cinguntur,
484 2209 622 2275 semperque
633 2209 763 2258 virentibus
774 2208 864 2257 herbis.

218 2286 334 2352 Nympha
344 2286 404 2336 colit
415 2306 421 2335 r
434 2285 474 2335 sed
485 2304 529 2336 nec
540 2288 664 2338 venatibus
675 2301 744 2353 apta,
756 2303 800 2336 nec
812 2301 884 2335 arcus

219 2364 321 2416 flesiere
332 2381 384 2432 que
395 2363 486 2425 soleat,
499 2381 544 2414 nec
556 2381 608 2431 quae
619 2362 762 2415 contendere
773 2367 842 2414 cursu
855 2383 865 2424 ¹,

218 2443 322 2509 Solaque
332 2442 455 2494 Naiadum
468 2443 538 2493 celeri
549 2460 600 2492 non
610 2459 668 2493 nota
679 2443 771 2492 Dianae.

172 2522 214 2569 305
218 2523 283 2586 Saepe
294 2523 344 2570 suas
356 2521 392 2570 illi
405 2522 469 2571 fama
480 2522 512 2570 est
523 2519 606 2571 dixisse
618 2523 725 2579 sororest

218 2600 338 2661 Salmaci,
349 2599 387 2651 vel
399 2599 522 2666 jaculum,
534 2599 573 2648 vel
584 2602 654 2665 pistas
665 2601 730 2649 sume
740 2601 861 2664 pharetras
871 2617 882 2659 ¹,

217 2679 248 2728 Et
261 2695 300 2730 tua
311 2694 366 2730 cum
379 2677 443 2729 duris
453 2681 577 2730 venatrhus
590 2681 640 2728 otia
651 2680 732 2727 misce.

218 2757 270 2808 Nec
281 2758 386 2824 iaculum
399 2759 487 2818 sumit,
499 2773 543 2808 nec
554 2759 625 2824 pislas
635 2755 677 2805 illa
689 2759 807 2822 pharetras
819 2773 829 2816 ς

218 2835 324 2886 Nec-sua
334 2853 390 2886 cum
400 2834 465 2888 duris
474 2837 599 2888 venatibus
609 2837 659 2885 otia
669 2837 762 2885 miscet.

171 2913 266 2979 proSed
276 2913 352 2964 modd
364 2915 431 2966 sonte
443 2918 484 2965 suo
496 2913 614 2964 formosos
624 2913 712 2979 perluit
722 2927 801 2973 atttr33

219 3010 283 3074 Saepc
295 3006 418 3060 Citorisco
428 3006 527 3058 deducit
537 3009 627 3072 pesline
637 3009 729 3061 crines,
768 3071 771 3078 ¹
