2056 3706
202 221 626 290 MarAnonarrosaou
649 217 688 288 L.
711 220 742 288 Ι.
783 233 827 287 zr

108 337 220 390 Fletibus
231 357 299 407 auget
315 359 385 408 aquas
398 357 545 408 :natamque
562 343 706 390 miserrimus
721 341 749 390 Io

111 433 211 497 Luget,
226 449 251 483 ut
262 431 367 482 amissam
380 453 386 482 t
400 436 476 482 nescit
487 432 567 482 vitine
583 433 686 487 fruatur,
828 426 877 491 585

112 510 152 557 Au
168 514 198 559 sit
212 509 273 576 apud
285 529 375 560 manes.
388 509 435 560 Sed
446 528 519 577 quam
530 527 580 558 non
592 513 682 558 invenit
693 511 810 575 usquam,

112 584 164 636 Esse
178 604 246 652 putat
256 606 372 655 nusquam
386 607 394 648 ς
409 605 480 655 atque
493 592 574 637 animo
586 593 668 654 pejora
678 603 780 640 veretur.

110 663 209 716 Viderat
224 671 325 732 apatrio
337 666 478 716 redeuntem
493 668 600 732 luppiter
616 667 643 715 Io

108 743 219 793 Flumine
230 749 275 808 a&
287 780 295 804 ‚
309 745 348 794 O!
365 749 435 810 virgo
448 745 506 794 Jove
520 743 613 808 digna,
629 758 718 810 tuoque
733 743 828 792 beatum

108 821 196 872 Nescio
207 835 280 890 quem
296 823 386 872 fattura
398 839 453 872 toro
464 859 471 882 ‚
484 837 552 890 pete,
566 821 674 881 dixerat,
692 821 786 870 umbras
833 843 879 888 59⁰

106 901 220 954 Altorunr
229 919 367 960 nemorum,
376 906 400 950 δι
409 917 535 950 nemorum
545 901 714 950 monstraverat
725 898 830 956 umbras,

106 979 176 1028 Dum
188 981 268 1037 calet,
279 983 303 1028 ὃ(
315 977 397 1028 medio
409 979 451 1028 Sol
466 980 497 1028 est
509 979 637 1028 altissimus
648 978 715 1025 orbe.

109 1055 185 1118 Quod
202 1061 221 1104 si
236 1057 288 1105 sola
302 1061 371 1105 times
384 1057 484 1104 latebras
496 1061 582 1106 intrare
594 1056 715 1114 ferarum3

109 1133 215 1182 Praeside
226 1149 279 1181 tuta
289 1133 344 1180 Deo
356 1167 364 1191 ,
382 1149 509 1180 nemorum
521 1137 607 1180 secreta
619 1134 722 1180 subibis:

112 1211 168 1259 Nec
183 1209 213 1258 de
226 1209 295 1273 plebe
313 1208 367 1256 Deo
381 1244 388 1266 ‚
400 1207 441 1258 sed
453 1213 495 1274 qui
505 1209 606 1258 caelestia
618 1209 704 1273 magni
836 1212 877 1260 595

115 1291 214 1353 Sceptra
232 1303 304 1335 manu
319 1301 404 1345 tene03
416 1285 456 1335 sed
469 1291 509 1353 qui
525 1303 583 1351 vaga
594 1287 695 1335 fulmina
706 1288 786 1335 mitto.

114 1365 152 1426 Ne
166 1366 222 1430 fuge
237 1383 275 1414 me
287 1365 412 1430 :fugiebat
426 1370 499 1415 enim.
512 1367 563 1414 Jam
575 1367 660 1430 pascua
674 1365 771 1425 Lernae,

109 1441 258 1510 Consitaque
268 1444 391 1492 arboribus
406 1444 501 1506 Lyrcaea
513 1445 639 1510 reliquerat
656 1460 710 1493 arva
721 1459 731 1500 3

110 1517 176 1570 Cim
196 1519 261 1570 Deus
276 1519 448 1572 induelai'latas
466 1521 567 1588 caligine
585 1537 657 1571 terras

105 1597 239 1657 .Occuluit‚
251 1601 373 1664 tenuitque
385 1599 483 1664 sugam,
495 1605 619 1671 rapuitque
632 1596 759 1665 pudorem.
828 1604 877 1642 600

107 1675 201 1725 Interea
215 1676 306 1726 medios
323 1678 334 1724 J
338 1693 385 1726 nno
396 1675 502 1742 despexit
512 1682 537 1726 in
548 1695 615 1742 agros
626 1696 633 1735 ς

107 1753 141 1802 Et
151 1757 227 1802 nosiis
239 1755 325 1802 faciem
342 1755 439 1804 nebulas
455 1752 535 1804 fecisse
544 1755 652 1804 volucres

108 1833 159 1880 Sub
176 1830 256 1881 nitido
275 1835 360 1890 mirata
370 1831 408 1880 die
421 1851 429 1890 ·,
441 1850 491 1882 nou
501 1833 606 1882 fluminis
617 1833 669 1881 illas

107 1907 180 1968 Effe,
198 1926 243 1958 nec
255 1911 367 1957 humenti
379 1911 450 1958 sentit
459 1909 543 1958 tellure
557 1913 664 1958 remittit
688 1957 691 1965 ,

106 1987 187 2052 Atque
207 1989 377 2050 suusconjur,
395 1989 490 2046 ubisit,
511 1988 685 2050 circumspicit3
704 2001 731 2037 ut
744 2003 796 2054 qttae
830 1996 874 2051 605

106 2064 227 2128 Deprensi
238 2069 309 2118 toties
322 2069 372 2131 jam
385 2062 464 2114 nosset
472 2065 536 2114 furta
549 2068 637 2114 mariti.

108 2142 190 2201 Quem
206 2143 259 2206 poll
271 2143 348 2208 quim
358 2144 422 2192 coelo
435 2159 485 2193 non
496 2147 613 2208 repperit3
624 2143 671 2194 Aut
681 2162 726 2210 ego
738 2146 809 2196 fallor
816 2183 824 2206 ‚

107 2220 159 2269 Aut
171 2235 216 2283 ego
230 2218 320 2280 laedor,
333 2223 366 2274 alt
377 2240 383 2270 z
395 2220 534 2288 delapsaque
541 2224 570 2271 ab
581 2226 665 2272 :ethere
676 2226 770 2274 summo
777 2261 786 2286 ,

109 2295 231 2347 Constitit
241 2301 267 2346 in
284 2301 364 2358 terris,
378 2300 521 2365 nebulasque
533 2300 641 2350 recedere
653 2306 728 2366 jussit.

109 2373 233 2440 Coniugis
251 2374 378 2426 adventum
393 2379 557 2442 presenserat,
576 2381 647 2444 inque
661 2383 777 2434 nitentem
827 2385 841 2422 6
847 2391 874 2422 10

109 2450 239 2502 Inachidos
252 2454 331 2504 vultus
349 2469 482 2506 mutaverat
494 2455 535 2504 ille
545 2460 679 2522 juvencam.

106 2529 155 2580 Bos
169 2547 266 2599 quoque
281 2533 387 2582 formosa
398 2535 438 2582 est.
451 2535 559 2599 Speciem
569 2537 677 2584 Saturnia
687 2553 780 2593 vaceae,

109 2609 267 2676 Quamquam
275 2612 460 2677 invitaqprobat:
468 2627 512 2661 nec
521 2629 571 2661 non
583 2617 607 2662 ὃ(
619 2618 702 2677 cujus,
716 2618 740 2662 &
752 2612 825 2672 unde,

110 2687 199 2748 Quove
216 2691 247 2737 sit
260 2704 385 2747 armento,
398 2693 448 2738 veri
458 2693 525 2758 quasi
535 2691 630 2748 nescia,
644 2693 737 2756 quaerit.

110 2765 219 2828 iuppiter
240 2783 253 2813 e
271 2764 332 2814 terri
346 2769 449 2830 genitam
466 2769 599 2820 mentitur,
610 2781 636 2814 ut
652 2771 732 2816 ausior
831 2765 876 2816 615

112 2841 213 2890 Desinat
228 2845 326 2908 inquiri.
344 2843 405 2893 Petit
417 2846 478 2893 hanc
490 2847 598 2894 Saturnia
612 2859 707 2892 munus.

112 2915 180 2982 Quid
191 2918 263 2970 faciat
276 2923 285 2970 ἰ
299 2917 411 2984 crudele,
429 2923 482 2972 suos
494 2919 602 2973 addicere
613 2937 719 2971 amores:
