2078 3708
222 249 286 294 102
363 229 406 297 P.
429 231 589 299 Ovrnrr
607 237 805 301 NAsours

168 349 197 396 75
216 349 247 400 Et
257 349 537 416 Libya‘Amphimedom
550 353 614 405 avidi
626 357 778 404 committere
789 365 915 418 pugnam:

215 430 354 494 Sanguine,
366 446 415 496 quo
427 431 497 481 telius
509 432 555 482 lati
566 433 698 484 madesaila
709 435 803 500 tepebat
815 466 823 491 ,

216 505 382 559 Conciderant
393 507 452 574 lapsi
464 529 469 558 ι
483 511 631 576 surgentibus
641 513 734 562 obstitit
742 513 822 568 ensis,

216 585 321 636 Alterius
333 586 418 647 coilir,
430 587 515 654 Juguln
526 579 669 639 Phorbantis
680 588 784 640 adaslus.

217 666 309 714 Arnon
320 663 447 718 Asioriden
458 667 576 724 Erimon,
590 672 628 718 cui
640 668 687 718 lata
699 670 808 733 bipennis

170 747 201 800 80
218 738 307 788 Telum
319 755 384 800 erat,
401 737 502 790 admoto
513 742 608 790 Perseus
619 745 679 807 petit
689 743 742 791 ense
755 759 760 788 :
773 736 813 787 sed
823 735 882 790 alcia

88 809 89 812 Ἴ
218 816 355 868 Exstantem
366 819 454 883 signis,
472 817 602 884 multaeque
613 821 638 867 in
649 815 754 884 pondere
767 811 850 864 massae

218 891 345 957 Ingentem
357 927 365 952 ,
383 893 493 943 manibus
505 893 572 942 tollit
584 909 674 944 cratera
685 891 775 942 duabus
785 907 794 947 ς
1030 857 1033 942 l

218 970 358 1037 infligitque
369 974 430 1021 viro.
443 972 553 1021 Rutilum
567 975 647 1022 vomit
657 971 699 1020 iile
711 984 840 1028 cruorem3

219 1048 251 1099 Et
260 1051 381 1115 resupinus
392 1053 493 1100 humum
505 1051 651 1103 moribundo
661 1053 750 1102 vertice
762 1049 851 1116 puisat.
929 1067 932 1074 Δ

172 1121 199 1183 85
218 1123 277 1175 inde
288 1126 431 1177 Semiramio
441 1125 614 1190 Polydemona
625 1129 738 1193 sanguine
750 1139 864 1182 cretum,

102 1239 113 1278 s
219 1199 413 1269 Caucasiumque
422 1204 526 1264 Abarin,
537 1203 781 1269 Sperchionidemque
791 1202 931 1263 Lycetum,

219 1277 944 1348 inmersumquecomasEiycen‚Phlegiamq;,Clyaumqut3

220 1357 310 1406 Sternit
320 1375 328 1416 3
343 1362 367 1406 ec
378 1359 504 1408 exiiruslos
515 1359 662 1411 morientum
674 1358 751 1410 calcat
763 1371 872 1406 acervos.

219 1433 272 1484 Nec
283 1435 386 1488 Phineus
397 1436 465 1484 ausus
475 1451 616 1485 concurrere
626 1438 736 1485 cominus
747 1433 809 1482 hosti
820 1451 826 1480 t

170 1517 202 1560 90
220 1511 346 1577 intorquet
358 1512 481 1577 jaculum,
494 1511 562 1580 quod
573 1511 661 1562 detulit
671 1529 737 1562 error
747 1515 773 1561 in
785 1508 847 1560 ldan
859 1526 869 1568 a
954 1522 957 1527 ·

219 1590 347 1654 Expertetn
359 1589 443 1639 sruilra
453 1591 511 1640 belii
521 1626 528 1650 ‚
540 1594 566 1643 δε
578 1605 662 1640 neutra
672 1607 739 1640 arma
749 1591 869 1638 secutum.

218 1665 263 1716 ille
274 1681 342 1716 tuens
355 1666 432 1716 oculis
446 1670 566 1717 immitem
581 1669 671 1718 Phinea
683 1671 778 1726 torvis3

220 1743 947 1812 Quandoquideminpartes,ait‚attrahor‚accipe,Phiueu,

220 1821 300 1884 Quem
311 1823 386 1879 fecisti
397 1824 506 1884 hostem3
517 1828 636 1900 pensaque
647 1828 694 1880 hoc
704 1825 802 1879 vulnere
812 1824 915 1877 vulnus.

83 1898 85 1902 ’
173 1897 200 1944 95
220 1903 320 1969 Jamque
334 1897 470 1952 remissurus
482 1905 583 1953 tradunt
595 1902 625 1954 de
636 1919 736 1970 corpore
747 1902 845 1964 telum,

222 1981 341 2046 Sanguine
353 1979 458 2031 deseslos
470 1979 558 2031 cecidit
567 1981 685 2048 collapsus
696 1985 720 2030 in
731 1996 804 2030 artus.

222 2058 270 2108 liic
282 2075 381 2126 quoque
391 2057 534 2123 Cephensrm
545 2059 599 2123 post
608 2075 687 2123 regem
698 2063 789 2124 primus
800 2055 890 2108 Odites

222 2135 284 2184 Ense
296 2140 358 2200 jacet
370 2133 484 2197 Clymeni
497 2153 503 2184 a
515 2136 645 2184 Protenora
659 2135 761 2201 perculit
773 2136 904 2202 Hypseusa

222 2213 318 2277 Hypsea
329 2210 454 2274 Lyncides.
468 2213 522 2261 Fuit
533 2215 557 2260 &
569 2211 707 2277 grandevus
718 2217 743 2262 in
754 2213 803 2262 illis

26 2301 28 2308 “
107 2323 128 2354 ,
176 2289 370 2344 ¹00Eurathion‚
386 2291 447 2354 aequi
459 2289 555 2347 cultor,
568 2288 714 2356 timidusque
726 2290 834 2340 Deorum
847 2307 854 2338 t

221 2367 301 2428 Quem
312 2369 427 2440 quoniam
439 2368 567 2432 prohibent
577 2371 633 2416 anni
645 2368 750 2428 bellare,
764 2367 892 2436 loquendo.

222 2447 336 2511 Pugnav,
351 2451 375 2496 &
387 2450 482 2496 incessit
493 2482 501 2508 ,
520 2447 679 2516 scelerataque
690 2446 793 2498 devovet
803 2465 880 2498 arma.

222 2523 286 2572 Huic
298 2522 412 2574 Chromis
425 2560 432 2584 ,
446 2524 556 2590 amplexo
569 2525 678 2576 tremulis
689 2526 773 2578 altaria
787 2525 898 2590 palmis,

223 2599 332 2650 Demetit
342 2601 396 2649 ense
408 2616 496 2666 caput3
508 2600 575 2668 quod
585 2605 693 2668 protinus
705 2602 791 2653 incidit
802 2619 849 2654 arn
863 2622 869 2652 r

125 2709 129 2716 ·
177 2680 302 2744 rotatque
312 2679 346 2728 ibi
358 2681 481 2728 semanimi
493 2681 565 2729 verba
579 2682 722 2730 exsecrantia
736 2679 820 2746 lingui

222 2753 324 2818 Edidit,
345 2759 370 2806 ὃ(
381 2753 473 2806 medios
485 2759 591 2806 animam
603 2759 729 2823 exspiravit
739 2761 765 2806 in
776 2761 853 2822 ignes.

223 2834 287 2884 Hinc
298 2837 387 2900 gemini
399 2833 499 2892 fratres,
515 2835 659 2900 Broteasque
671 2838 696 2884 lic
708 2835 813 2884 caestibus
823 2835 933 2890 Ammon

223 2909 328 2966 invidi,
345 2911 410 2961 vinci
424 2911 443 2956 si
457 2905 551 2974 pollent
563 2910 668 2958 caessibus
684 2912 767 2968 enses,
1029 2897 1030 2922 ¹

224 2983 315 3040 Phinea
325 2981 432 3052 cecidere
444 2985 686 3058 manueCererisque
697 2984 807 3042 sacerdus
