<?xml version="1.0" encoding="UTF-8"?>
<!DOCTYPE html PUBLIC "-//W3C//DTD XHTML 1.0 Transitional//EN"
    "http://www.w3.org/TR/xhtml1/DTD/xhtml1-transitional.dtd">
<html xmlns="http://www.w3.org/1999/xhtml" xml:lang="en" lang="en">
 <head>
  <title>
</title>
<meta http-equiv="Content-Type" content="text/html;charset=utf-8" />
  <meta name='ocr-system' content='tesseract 3.04.00' />
  <meta name='ocr-capabilities' content='ocr_page ocr_carea ocr_par ocr_line ocrx_word'/>
</head>
<body>
  <div class='ocr_page' id='page_1' title='image "./povidiinasoniso06ovidgoog_0177.png"; bbox 0 0 2078 3708; ppageno 0'>
   <div class='ocr_carea' id='block_1_1' title="bbox 287 236 959 352">
    <p class='ocr_par' dir='ltr' id='par_1_1' title="bbox 287 236 959 352">
     <span class='ocr_line' id='line_1_1' title="bbox 287 236 959 352; baseline -0.01 -20"><span class='ocrx_word' id='word_1_1' title='bbox 287 236 405 352; x_wconf 48' lang='lat'>&#39;‘170&#39;&#39;</span> <span class='ocrx_word' id='word_1_2' title='bbox 442 261 486 330; x_wconf 85' lang='lat' dir='ltr'>P.</span> <span class='ocrx_word' id='word_1_3' title='bbox 512 243 881 328; x_wconf 63' lang='lat' dir='ltr'>ommi-Nireum</span> <span class='ocrx_word' id='word_1_4' title='bbox 944 265 959 307; x_wconf 67' lang='lat'><em>2</em></span> 
     </span>
    </p>
   </div>
   <div class='ocr_carea' id='block_1_2' title="bbox 246 383 977 610">
    <p class='ocr_par' dir='ltr' id='par_1_2' title="bbox 246 383 977 610">
     <span class='ocr_line' id='line_1_2' title="bbox 294 383 832 452; baseline -0.013 -15"><span class='ocrx_word' id='word_1_5' title='bbox 294 385 453 452; x_wconf 74' lang='lat' dir='ltr'>Impensique</span> <span class='ocrx_word' id='word_1_6' title='bbox 469 385 504 432; x_wconf 91' lang='lat' dir='ltr'>sui</span> <span class='ocrx_word' id='word_1_7' title='bbox 513 383 602 450; x_wconf 85' lang='lat' dir='ltr'>poterit</span> <span class='ocrx_word' id='word_1_8' title='bbox 612 384 719 447; x_wconf 83' lang='lat' dir='ltr'>superare</span> <span class='ocrx_word' id='word_1_9' title='bbox 731 385 832 430; x_wconf 76' lang='lat' dir='ltr'>cruorit.</span> 
     </span>
     <span class='ocr_line' id='line_1_3' title="bbox 294 459 974 526; baseline -0.013 -11"><span class='ocrx_word' id='word_1_10' title='bbox 294 464 376 524; x_wconf 81' lang='lat' dir='ltr'>Qudm</span> <span class='ocrx_word' id='word_1_11' title='bbox 389 479 472 513; x_wconf 88' lang='lat' dir='ltr'>metuo</span> <span class='ocrx_word' id='word_1_12' title='bbox 488 459 568 520; x_wconf 71' lang='lat' dir='ltr'>certi,</span> <span class='ocrx_word' id='word_1_13' title='bbox 584 477 615 510; x_wconf 90' lang='lat' dir='ltr'>ne</span> <span class='ocrx_word' id='word_1_14' title='bbox 626 462 679 526; x_wconf 74' lang='lat' dir='ltr'>quis</span> <span class='ocrx_word' id='word_1_15' title='bbox 694 473 735 508; x_wconf 80' lang='lat' dir='ltr'>tua</span> <span class='ocrx_word' id='word_1_16' title='bbox 750 461 864 524; x_wconf 67' lang='lat' dir='ltr'>pedore,</span> <span class='ocrx_word' id='word_1_17' title='bbox 878 459 974 519; x_wconf 83' lang='lat' dir='ltr'>Minor,.</span> 
     </span>
     <span class='ocr_line' id='line_1_4' title="bbox 246 535 977 610; baseline -0.008 -18"><span class='ocrx_word' id='word_1_18' title='bbox 246 553 274 610; x_wconf 79' lang='grc' dir='ltr'>σς</span> <span class='ocrx_word' id='word_1_19' title='bbox 295 542 411 592; x_wconf 77' lang='lat' dir='ltr'>vulneret</span> <span class='ocrx_word' id='word_1_20' title='bbox 426 538 579 606; x_wconf 81' lang='lat' dir='ltr'>imprudens!</span> <span class='ocrx_word' id='word_1_21' title='bbox 592 542 644 605; x_wconf 84' lang='lat' dir='ltr'>quis</span> <span class='ocrx_word' id='word_1_22' title='bbox 656 540 721 587; x_wconf 89' lang='lat' dir='ltr'>enim</span> <span class='ocrx_word' id='word_1_23' title='bbox 731 549 782 587; x_wconf 75' lang='lat' dir='ltr'>tam</span> <span class='ocrx_word' id='word_1_24' title='bbox 796 535 863 586; x_wconf 77' lang='lat' dir='ltr'>dirue</span> <span class='ocrx_word' id='word_1_25' title='bbox 872 571 882 592; x_wconf 87' lang='lat'>,</span> <span class='ocrx_word' id='word_1_26' title='bbox 891 541 947 586; x_wconf 86' lang='lat' dir='ltr'>urin</span> <span class='ocrx_word' id='word_1_27' title='bbox 959 553 977 587; x_wconf 87' lang='lat' dir='ltr'>te</span> 
     </span>
    </p>
   </div>
   <div class='ocr_carea' id='block_1_3' title="bbox 220 614 991 1778">
    <p class='ocr_par' dir='ltr' id='par_1_3' title="bbox 291 614 952 764">
     <span class='ocr_line' id='line_1_5' title="bbox 292 614 952 685; baseline -0.003 -17"><span class='ocrx_word' id='word_1_28' title='bbox 292 619 401 685; x_wconf 87' lang='lat' dir='ltr'>Dirigere</span> <span class='ocrx_word' id='word_1_29' title='bbox 418 621 556 678; x_wconf 84' lang='lat' dir='ltr'>immitem,</span> <span class='ocrx_word' id='word_1_30' title='bbox 574 620 620 666; x_wconf 82' lang='lat' dir='ltr'>nisi</span> <span class='ocrx_word' id='word_1_31' title='bbox 629 619 721 666; x_wconf 77' lang='lat' dir='ltr'>nescius</span> <span class='ocrx_word' id='word_1_32' title='bbox 733 649 742 676; x_wconf 92' lang='lat'>,</span> <span class='ocrx_word' id='word_1_33' title='bbox 755 614 843 666; x_wconf 76' lang='lat' dir='ltr'>audeat</span> <span class='ocrx_word' id='word_1_34' title='bbox 853 617 952 666; x_wconf 67' lang='lat' dir='ltr'>hastam!</span> 
     </span>
     <span class='ocr_line' id='line_1_6' title="bbox 291 692 941 764; baseline -0.006 -16"><span class='ocrx_word' id='word_1_35' title='bbox 291 697 381 764; x_wconf 78' lang='lat' dir='ltr'>Coepte</span> <span class='ocrx_word' id='word_1_36' title='bbox 390 697 503 763; x_wconf 78' lang='lat' dir='ltr'>placent,</span> <span class='ocrx_word' id='word_1_37' title='bbox 516 700 541 746; x_wconf 73' lang='lat' dir='ltr'>dc</span> <span class='ocrx_word' id='word_1_38' title='bbox 551 692 595 747; x_wconf 84' lang='lat' dir='ltr'>stat</span> <span class='ocrx_word' id='word_1_39' title='bbox 610 697 726 745; x_wconf 78' lang='lat' dir='ltr'>sententie</span> <span class='ocrx_word' id='word_1_40' title='bbox 741 693 834 745; x_wconf 83' lang='lat' dir='ltr'>tradere</span> <span class='ocrx_word' id='word_1_41' title='bbox 849 711 941 744; x_wconf 84' lang='lat' dir='ltr'>mecum</span> 
     </span>
    </p>

    <p class='ocr_par' dir='ltr' id='par_1_4' title="bbox 244 772 928 918">
     <span class='ocr_line' id='line_1_7' title="bbox 244 772 910 841; baseline -0.008 -16"><span class='ocrx_word' id='word_1_42' title='bbox 244 822 248 834; x_wconf 73' lang='grc'>,</span> <span class='ocrx_word' id='word_1_43' title='bbox 289 775 404 826; x_wconf 79' lang='lat' dir='ltr'>Dotalem</span> <span class='ocrx_word' id='word_1_44' title='bbox 419 778 540 841; x_wconf 67' lang='lat' dir='ltr'>patriam</span> <span class='ocrx_word' id='word_1_45' title='bbox 559 773 679 840; x_wconf 86' lang='lat' dir='ltr'>finemque</span> <span class='ocrx_word' id='word_1_46' title='bbox 694 772 819 838; x_wconf 85' lang='lat' dir='ltr'>imponere</span> <span class='ocrx_word' id='word_1_47' title='bbox 837 773 910 822; x_wconf 78' lang='lat' dir='ltr'>bello.</span> 
     </span>
     <span class='ocr_line' id='line_1_8' title="bbox 288 849 928 918; baseline -0.003 -16"><span class='ocrx_word' id='word_1_48' title='bbox 288 853 379 904; x_wconf 82' lang='lat' dir='ltr'>Vertlm</span> <span class='ocrx_word' id='word_1_49' title='bbox 393 853 455 903; x_wconf 86' lang='lat' dir='ltr'>velle</span> <span class='ocrx_word' id='word_1_50' title='bbox 466 867 549 918; x_wconf 84' lang='lat' dir='ltr'>parum</span> <span class='ocrx_word' id='word_1_51' title='bbox 566 851 607 900; x_wconf 88' lang='lat' dir='ltr'>eli.</span> <span class='ocrx_word' id='word_1_52' title='bbox 624 850 708 901; x_wconf 75' lang='lat' dir='ltr'>Aditur</span> <span class='ocrx_word' id='word_1_53' title='bbox 716 849 825 901; x_wconf 83' lang='lat' dir='ltr'>custodia</span> <span class='ocrx_word' id='word_1_54' title='bbox 834 853 928 910; x_wconf 75' lang='lat' dir='ltr'>servat,</span> 
     </span>
    </p>

    <p class='ocr_par' dir='ltr' id='par_1_5' title="bbox 239 929 990 1152">
     <span class='ocr_line' id='line_1_9' title="bbox 239 929 983 998; baseline -0.005 -14"><span class='ocrx_word' id='word_1_55' title='bbox 239 952 270 996; x_wconf 87' lang='lat'>70</span> <span class='ocrx_word' id='word_1_56' title='bbox 288 929 442 998; x_wconf 82' lang='lat' dir='ltr'>Claustraque</span> <span class='ocrx_word' id='word_1_57' title='bbox 451 945 575 996; x_wconf 84' lang='lat' dir='ltr'>portarum</span> <span class='ocrx_word' id='word_1_58' title='bbox 586 933 681 995; x_wconf 87' lang='lat' dir='ltr'>genitor</span> <span class='ocrx_word' id='word_1_59' title='bbox 692 941 764 978; x_wconf 87' lang='lat' dir='ltr'>tenet.</span> <span class='ocrx_word' id='word_1_60' title='bbox 777 929 849 978; x_wconf 88' lang='lat' dir='ltr'>Hunc</span> <span class='ocrx_word' id='word_1_61' title='bbox 861 947 905 994; x_wconf 88' lang='lat' dir='ltr'>ego</span> <span class='ocrx_word' id='word_1_62' title='bbox 916 930 983 980; x_wconf 84' lang='lat' dir='ltr'>solum</span> 
     </span>
     <span class='ocr_line' id='line_1_10' title="bbox 286 1009 813 1059; baseline -0.004 -1"><span class='ocrx_word' id='word_1_63' title='bbox 286 1009 371 1058; x_wconf 84' lang='lat' dir='ltr'>Infelix</span> <span class='ocrx_word' id='word_1_64' title='bbox 381 1013 456 1059; x_wconf 86' lang='lat' dir='ltr'>timeo</span> <span class='ocrx_word' id='word_1_65' title='bbox 468 1029 474 1058; x_wconf 75' lang='grc' dir='ltr'><strong>ε</strong></span> <span class='ocrx_word' id='word_1_66' title='bbox 487 1009 549 1058; x_wconf 87' lang='lat' dir='ltr'>solus</span> <span class='ocrx_word' id='word_1_67' title='bbox 565 1025 618 1056; x_wconf 79' lang='lat' dir='ltr'>rnen</span> <span class='ocrx_word' id='word_1_68' title='bbox 629 1023 686 1057; x_wconf 83' lang='lat' dir='ltr'>vota</span> <span class='ocrx_word' id='word_1_69' title='bbox 697 1021 813 1056; x_wconf 72' lang='lat' dir='ltr'>irroratur.</span> 
     </span>
     <span class='ocr_line' id='line_1_11' title="bbox 284 1083 990 1152; baseline 0.003 -17"><span class='ocrx_word' id='word_1_70' title='bbox 284 1085 319 1135; x_wconf 87' lang='lat' dir='ltr'>Di</span> <span class='ocrx_word' id='word_1_71' title='bbox 337 1085 442 1138; x_wconf 82' lang='lat' dir='ltr'>facerent</span> <span class='ocrx_word' id='word_1_72' title='bbox 454 1122 462 1148; x_wconf 87' lang='lat'><strong><em>,</em></strong></span> <span class='ocrx_word' id='word_1_73' title='bbox 483 1083 608 1152; x_wconf 77' lang='lat' dir='ltr'>sine&#39;parre</span> <span class='ocrx_word' id='word_1_74' title='bbox 619 1086 711 1134; x_wconf 87' lang='lat' dir='ltr'>forem!</span> <span class='ocrx_word' id='word_1_75' title='bbox 724 1085 774 1134; x_wconf 81' lang='lat' dir='ltr'>Sibi</span> <span class='ocrx_word' id='word_1_76' title='bbox 783 1087 888 1151; x_wconf 84' lang='lat' dir='ltr'>quisque</span> <span class='ocrx_word' id='word_1_77' title='bbox 896 1087 990 1152; x_wconf 70' lang='lat' dir='ltr'>proferte</span> 
     </span>
    </p>

    <p class='ocr_par' dir='ltr' id='par_1_6' title="bbox 220 1165 902 1311">
     <span class='ocr_line' id='line_1_12' title="bbox 220 1165 902 1236; baseline -0.001 -21"><span class='ocrx_word' id='word_1_78' title='bbox 220 1223 222 1229; x_wconf 31' lang='grc' dir='ltr'>Ι</span> <span class='ocrx_word' id='word_1_79' title='bbox 284 1167 322 1216; x_wconf 87' lang='lat' dir='ltr'>Fit</span> <span class='ocrx_word' id='word_1_80' title='bbox 339 1165 419 1236; x_wconf 87' lang='lat' dir='ltr'>Deus:</span> <span class='ocrx_word' id='word_1_81' title='bbox 429 1169 522 1231; x_wconf 80' lang='lat' dir='ltr'>ignavis</span> <span class='ocrx_word' id='word_1_82' title='bbox 537 1165 646 1230; x_wconf 81' lang='lat' dir='ltr'>precibus</span> <span class='ocrx_word' id='word_1_83' title='bbox 659 1165 764 1213; x_wconf 79' lang='lat' dir='ltr'>Fortuna</span> <span class='ocrx_word' id='word_1_84' title='bbox 775 1176 902 1228; x_wconf 75' lang='lat' dir='ltr'>repugnat.</span> 
     </span>
     <span class='ocr_line' id='line_1_13' title="bbox 283 1235 870 1311; baseline -0.003 -18"><span class='ocrx_word' id='word_1_85' title='bbox 283 1243 364 1293; x_wconf 81' lang='lat' dir='ltr'>Altera</span> <span class='ocrx_word' id='word_1_86' title='bbox 375 1248 424 1311; x_wconf 69' lang='lat' dir='ltr'>iam</span> <span class='ocrx_word' id='word_1_87' title='bbox 438 1241 531 1294; x_wconf 88' lang='lat' dir='ltr'>dudum</span> <span class='ocrx_word' id='word_1_88' title='bbox 542 1235 652 1294; x_wconf 74' lang='lat' dir='ltr'>succense</span> <span class='ocrx_word' id='word_1_89' title='bbox 667 1240 789 1307; x_wconf 77' lang='lat' dir='ltr'>Cupidine</span> <span class='ocrx_word' id='word_1_90' title='bbox 800 1255 870 1291; x_wconf 79' lang='lat' dir='ltr'>tanto</span> 
     </span>
    </p>

    <p class='ocr_par' dir='ltr' id='par_1_7' title="bbox 233 1319 991 1622">
     <span class='ocr_line' id='line_1_14' title="bbox 233 1319 942 1388; baseline -0.001 -18"><span class='ocrx_word' id='word_1_91' title='bbox 233 1327 261 1374; x_wconf 89' lang='lat'>75</span> <span class='ocrx_word' id='word_1_92' title='bbox 282 1320 380 1372; x_wconf 86' lang='lat' dir='ltr'>Perdere</span> <span class='ocrx_word' id='word_1_93' title='bbox 401 1320 534 1388; x_wconf 80' lang='lat' dir='ltr'>gauderet,</span> <span class='ocrx_word' id='word_1_94' title='bbox 551 1319 722 1388; x_wconf 88' lang='lat' dir='ltr'>quodcumque</span> <span class='ocrx_word' id='word_1_95' title='bbox 735 1319 841 1371; x_wconf 79' lang='lat' dir='ltr'>obstaret</span> <span class='ocrx_word' id='word_1_96' title='bbox 856 1321 942 1370; x_wconf 82' lang='lat' dir='ltr'>amori.</span> 
     </span>
     <span class='ocr_line' id='line_1_15' title="bbox 280 1397 895 1463; baseline -0.002 -15"><span class='ocrx_word' id='word_1_97' title='bbox 280 1399 312 1449; x_wconf 84' lang='lat' dir='ltr'>Et</span> <span class='ocrx_word' id='word_1_98' title='bbox 331 1415 373 1449; x_wconf 86' lang='lat' dir='ltr'>cur</span> <span class='ocrx_word' id='word_1_99' title='bbox 390 1400 440 1450; x_wconf 83' lang='lat' dir='ltr'>ulla</span> <span class='ocrx_word' id='word_1_100' title='bbox 457 1400 520 1450; x_wconf 87' lang='lat' dir='ltr'>foret</span> <span class='ocrx_word' id='word_1_101' title='bbox 536 1415 574 1448; x_wconf 89' lang='lat' dir='ltr'>me</span> <span class='ocrx_word' id='word_1_102' title='bbox 592 1397 695 1450; x_wconf 85' lang='lat' dir='ltr'>fortior?</span> <span class='ocrx_word' id='word_1_103' title='bbox 706 1401 740 1446; x_wconf 91' lang='lat' dir='ltr'>ire</span> <span class='ocrx_word' id='word_1_104' title='bbox 755 1401 797 1462; x_wconf 85' lang='lat' dir='ltr'>&#39;per</span> <span class='ocrx_word' id='word_1_105' title='bbox 813 1401 895 1463; x_wconf 80' lang='lat' dir='ltr'>ignes,</span> 
     </span>
     <span class='ocr_line' id='line_1_16' title="bbox 279 1475 991 1544; baseline 0.003 -19"><span class='ocrx_word' id='word_1_106' title='bbox 279 1475 323 1526; x_wconf 89' lang='lat' dir='ltr'>Per</span> <span class='ocrx_word' id='word_1_107' title='bbox 339 1475 432 1544; x_wconf 78' lang='lat' dir='ltr'>gladios</span> <span class='ocrx_word' id='word_1_108' title='bbox 443 1482 528 1528; x_wconf 84' lang='lat' dir='ltr'>ausim.</span> <span class='ocrx_word' id='word_1_109' title='bbox 539 1477 625 1544; x_wconf 86' lang='lat' dir='ltr'>Neque</span> <span class='ocrx_word' id='word_1_110' title='bbox 636 1479 660 1526; x_wconf 89' lang='lat' dir='ltr'>iu</span> <span class='ocrx_word' id='word_1_111' title='bbox 671 1478 718 1526; x_wconf 83' lang='lat' dir='ltr'>hoc</span> <span class='ocrx_word' id='word_1_112' title='bbox 727 1491 808 1526; x_wconf 82' lang='lat' dir='ltr'>tamen</span> <span class='ocrx_word' id='word_1_113' title='bbox 818 1479 914 1541; x_wconf 81' lang='lat' dir='ltr'>ignibus</span> <span class='ocrx_word' id='word_1_114' title='bbox 926 1477 991 1534; x_wconf 72' lang='lat' dir='ltr'>ullis,</span> 
     </span>
     <span class='ocr_line' id='line_1_17' title="bbox 279 1545 948 1622; baseline 0.006 -20"><span class='ocrx_word' id='word_1_115' title='bbox 279 1557 330 1603; x_wconf 83' lang='lat' dir='ltr'>Aut&#39;</span> <span class='ocrx_word' id='word_1_116' title='bbox 338 1553 422 1620; x_wconf 79' lang='lat' dir='ltr'>gladiis</span> <span class='ocrx_word' id='word_1_117' title='bbox 439 1545 499 1622; x_wconf 81' lang='lat' dir='ltr'>oplu</span> <span class='ocrx_word' id='word_1_118' title='bbox 517 1556 564 1604; x_wconf 89' lang='lat' dir='ltr'>est:</span> <span class='ocrx_word' id='word_1_119' title='bbox 578 1555 680 1620; x_wconf 73' lang='lat' dir='ltr'>opus&#39;est</span> <span class='ocrx_word' id='word_1_120' title='bbox 690 1557 750 1604; x_wconf 87' lang='lat' dir='ltr'>mihi</span> <span class='ocrx_word' id='word_1_121' title='bbox 761 1557 826 1604; x_wconf 88' lang='lat' dir='ltr'>crine</span> <span class='ocrx_word' id='word_1_122' title='bbox 837 1569 948 1620; x_wconf 78' lang='lat' dir='ltr'>patemo.</span> 
     </span>
    </p>

    <p class='ocr_par' dir='ltr' id='par_1_8' title="bbox 229 1623 847 1698">
     <span class='ocr_line' id='line_1_18' title="bbox 229 1623 847 1698; baseline 0.005 -18"><span class='ocrx_word' id='word_1_123' title='bbox 229 1631 232 1638; x_wconf 88' lang='lat'>&#39;</span> <span class='ocrx_word' id='word_1_124' title='bbox 280 1631 325 1680; x_wconf 84' lang='lat' dir='ltr'>llla</span> <span class='ocrx_word' id='word_1_125' title='bbox 344 1635 405 1682; x_wconf 87' lang='lat' dir='ltr'>mihi</span> <span class='ocrx_word' id='word_1_126' title='bbox 423 1633 455 1682; x_wconf 89' lang='lat' dir='ltr'>est</span> <span class='ocrx_word' id='word_1_127' title='bbox 466 1623 523 1682; x_wconf 82' lang='lat' dir='ltr'>auro</span> <span class='ocrx_word' id='word_1_128' title='bbox 534 1635 682 1698; x_wconf 74' lang='lat' dir='ltr'>pretiosior,</span> <span class='ocrx_word' id='word_1_129' title='bbox 697 1632 740 1682; x_wconf 85' lang='lat' dir='ltr'>illa</span> <span class='ocrx_word' id='word_1_130' title='bbox 750 1634 847 1682; x_wconf 82' lang='lat' dir='ltr'>beatam</span> 
     </span>
    </p>

    <p class='ocr_par' dir='ltr' id='par_1_9' title="bbox 231 1701 856 1778">
     <span class='ocr_line' id='line_1_19' title="bbox 231 1701 856 1778; baseline 0.006 -20"><span class='ocrx_word' id='word_1_131' title='bbox 231 1701 261 1752; x_wconf 72' lang='lat'>80</span> <span class='ocrx_word' id='word_1_132' title='bbox 277 1709 383 1778; x_wconf 85' lang='lat' dir='ltr'>Purpura</span> <span class='ocrx_word' id='word_1_133' title='bbox 394 1727 446 1766; x_wconf 86' lang='lat' dir='ltr'>rue,</span> <span class='ocrx_word' id='word_1_134' title='bbox 458 1713 557 1778; x_wconf 86' lang='lat' dir='ltr'>votique</span> <span class='ocrx_word' id='word_1_135' title='bbox 567 1713 616 1760; x_wconf 88' lang='lat' dir='ltr'>mei</span> <span class='ocrx_word' id='word_1_136' title='bbox 623 1711 712 1762; x_wconf 75' lang='lat' dir='ltr'>faliura</span> <span class='ocrx_word' id='word_1_137' title='bbox 721 1725 856 1777; x_wconf 80' lang='lat' dir='ltr'>potentem.</span> 
     </span>
    </p>
   </div>
   <div class='ocr_carea' id='block_1_4' title="bbox 206 1855 981 2160">
    <p class='ocr_par' dir='ltr' id='par_1_10' title="bbox 206 1855 981 2160">
     <span class='ocr_line' id='line_1_20' title="bbox 308 1855 883 1919; baseline 0 -11"><span class='ocrx_word' id='word_1_138' title='bbox 308 1856 379 1908; x_wconf 81' lang='lat' dir='ltr'>Talia</span> <span class='ocrx_word' id='word_1_139' title='bbox 395 1855 502 1919; x_wconf 86' lang='lat' dir='ltr'>dicenti,</span> <span class='ocrx_word' id='word_1_140' title='bbox 514 1871 623 1908; x_wconf 73' lang='lat' dir='ltr'>curarum</span> <span class='ocrx_word' id='word_1_141' title='bbox 635 1861 739 1910; x_wconf 76' lang='lat' dir='ltr'>maxima</span> <span class='ocrx_word' id='word_1_142' title='bbox 749 1861 832 1908; x_wconf 87' lang='lat' dir='ltr'>nutrix</span> <span class='ocrx_word' id='word_1_143' title='bbox 867 1889 883 1919; x_wconf 51' lang='grc' dir='ltr'>ι,</span> 
     </span>
     <span class='ocr_line' id='line_1_21' title="bbox 274 1935 862 2002; baseline 0 -15"><span class='ocrx_word' id='word_1_144' title='bbox 274 1935 332 1987; x_wconf 86' lang='lat' dir='ltr'>Nox</span> <span class='ocrx_word' id='word_1_145' title='bbox 348 1935 477 1988; x_wconf 76' lang='lat' dir='ltr'>intervinit</span> <span class='ocrx_word' id='word_1_146' title='bbox 486 1955 493 1996; x_wconf 88' lang='lat'>;</span> <span class='ocrx_word' id='word_1_147' title='bbox 503 1936 651 2002; x_wconf 74' lang='lat' dir='ltr'>tenebrisque</span> <span class='ocrx_word' id='word_1_148' title='bbox 666 1935 765 1987; x_wconf 76' lang='lat' dir='ltr'>andreia</span> <span class='ocrx_word' id='word_1_149' title='bbox 775 1939 862 1988; x_wconf 82' lang='lat' dir='ltr'>crevit.</span> 
     </span>
     <span class='ocr_line' id='line_1_22' title="bbox 206 2013 854 2082; baseline 0.006 -20"><span class='ocrx_word' id='word_1_150' title='bbox 206 2015 221 2075; x_wconf 15' lang='lat' dir='ltr'>&#39;A</span> <span class='ocrx_word' id='word_1_151' title='bbox 274 2013 353 2064; x_wconf 83' lang='lat' dir='ltr'>Prima</span> <span class='ocrx_word' id='word_1_152' title='bbox 368 2017 434 2082; x_wconf 86' lang='lat' dir='ltr'>quies</span> <span class='ocrx_word' id='word_1_153' title='bbox 446 2013 545 2073; x_wconf 84' lang='lat' dir='ltr'>aderat,</span> <span class='ocrx_word' id='word_1_154' title='bbox 558 2015 605 2080; x_wconf 78' lang='lat' dir='ltr'>qui</span> <span class='ocrx_word' id='word_1_155' title='bbox 615 2018 677 2064; x_wconf 84' lang='lat' dir='ltr'>curis</span> <span class='ocrx_word' id='word_1_156' title='bbox 688 2013 745 2064; x_wconf 79' lang='lat' dir='ltr'>feisa</span> <span class='ocrx_word' id='word_1_157' title='bbox 761 2015 854 2066; x_wconf 83' lang='lat' dir='ltr'>diurnis</span> 
     </span>
     <span class='ocr_line' id='line_1_23' title="bbox 273 2093 981 2160; baseline 0.008 -19"><span class='ocrx_word' id='word_1_158' title='bbox 273 2093 370 2143; x_wconf 72' lang='lat' dir='ltr'>Peliora</span> <span class='ocrx_word' id='word_1_159' title='bbox 388 2095 484 2143; x_wconf 84' lang='lat' dir='ltr'>somnus</span> <span class='ocrx_word' id='word_1_160' title='bbox 499 2094 570 2142; x_wconf 83' lang='lat' dir='ltr'>habet</span> <span class='ocrx_word' id='word_1_161' title='bbox 581 2109 588 2140; x_wconf 79' lang='lat' dir='ltr'>r</span> <span class='ocrx_word' id='word_1_162' title='bbox 601 2093 719 2142; x_wconf 80' lang='lat' dir='ltr'>thalamos</span> <span class='ocrx_word' id='word_1_163' title='bbox 731 2097 854 2144; x_wconf 75' lang='lat' dir='ltr'>taciturna</span> <span class='ocrx_word' id='word_1_164' title='bbox 867 2110 981 2160; x_wconf 75' lang='lat' dir='ltr'>paternos</span> 
     </span>
    </p>
   </div>
   <div class='ocr_carea' id='block_1_5' title="bbox 142 2161 904 2237">
    <p class='ocr_par' dir='ltr' id='par_1_11' title="bbox 142 2161 904 2237">
     <span class='ocr_line' id='line_1_24' title="bbox 142 2161 904 2237; baseline 0.009 -21"><span class='ocrx_word' id='word_1_165' title='bbox 142 2212 144 2216; x_wconf 85' lang='lat'><em>.</em></span> <span class='ocrx_word' id='word_1_166' title='bbox 224 2161 252 2222; x_wconf 68' lang='lat'>25</span> <span class='ocrx_word' id='word_1_167' title='bbox 273 2171 348 2220; x_wconf 81' lang='lat' dir='ltr'>Intrat</span> <span class='ocrx_word' id='word_1_168' title='bbox 362 2188 369 2230; x_wconf 74' lang='grc' dir='ltr'>ς</span> <span class='ocrx_word' id='word_1_169' title='bbox 390 2175 415 2219; x_wconf 75' lang='grc' dir='ltr'>δε</span> <span class='ocrx_word' id='word_1_170' title='bbox 428 2206 436 2231; x_wconf 86' lang='grc'><em>,</em></span> <span class='ocrx_word' id='word_1_171' title='bbox 448 2174 494 2220; x_wconf 92' lang='lat' dir='ltr'>heu</span> <span class='ocrx_word' id='word_1_172' title='bbox 505 2171 597 2219; x_wconf 74' lang='lat' dir='ltr'>lacinus</span> <span class='ocrx_word' id='word_1_173' title='bbox 608 2171 615 2219; x_wconf 88' lang='lat' dir='ltr'>l</span> <span class='ocrx_word' id='word_1_174' title='bbox 629 2171 696 2220; x_wconf 79' lang='lat' dir='ltr'>fatali</span> <span class='ocrx_word' id='word_1_175' title='bbox 707 2185 763 2220; x_wconf 75' lang='lat' dir='ltr'>nata</span> <span class='ocrx_word' id='word_1_176' title='bbox 774 2179 904 2237; x_wconf 78' lang='lat' dir='ltr'>parentem</span> 
     </span>
    </p>
   </div>
   <div class='ocr_carea' id='block_1_6' title="bbox 270 2242 925 2396">
    <p class='ocr_par' dir='ltr' id='par_1_12' title="bbox 270 2242 925 2396">
     <span class='ocr_line' id='line_1_25' title="bbox 272 2242 893 2315; baseline 0.003 -15"><span class='ocrx_word' id='word_1_177' title='bbox 272 2248 346 2300; x_wconf 86' lang='lat' dir='ltr'>Crine</span> <span class='ocrx_word' id='word_1_178' title='bbox 358 2242 427 2298; x_wconf 77' lang='lat' dir='ltr'>luunt</span> <span class='ocrx_word' id='word_1_179' title='bbox 444 2249 531 2314; x_wconf 78' lang='lat' dir='ltr'>spoliat</span> <span class='ocrx_word' id='word_1_180' title='bbox 542 2247 683 2315; x_wconf 74' lang='lat' dir='ltr'>:praeddque</span> <span class='ocrx_word' id='word_1_181' title='bbox 693 2253 772 2315; x_wconf 83' lang='lat' dir='ltr'>potita</span> <span class='ocrx_word' id='word_1_182' title='bbox 782 2251 893 2302; x_wconf 63' lang='lat' dir='ltr'>nefandi</span> 
     </span>
     <span class='ocr_line' id='line_1_26' title="bbox 270 2327 925 2396; baseline 0.008 -20"><span class='ocrx_word' id='word_1_183' title='bbox 270 2328 326 2378; x_wconf 83' lang='lat' dir='ltr'>Fert</span> <span class='ocrx_word' id='word_1_184' title='bbox 342 2329 420 2377; x_wconf 88' lang='lat' dir='ltr'>secum</span> <span class='ocrx_word' id='word_1_185' title='bbox 431 2327 535 2392; x_wconf 88' lang='lat' dir='ltr'>spolium</span> <span class='ocrx_word' id='word_1_186' title='bbox 547 2328 639 2376; x_wconf 76' lang='lat' dir='ltr'>sceleris</span> <span class='ocrx_word' id='word_1_187' title='bbox 647 2345 657 2386; x_wconf 87' lang='lat'>·;</span> <span class='ocrx_word' id='word_1_188' title='bbox 669 2327 925 2396; x_wconf 70' lang='lat' dir='ltr'>progreffaqueportd</span> 
     </span>
    </p>
   </div>
   <div class='ocr_carea' id='block_1_7' title="bbox 101 2404 867 2472">
    <p class='ocr_par' dir='ltr' id='par_1_13' title="bbox 101 2404 867 2472">
     <span class='ocr_line' id='line_1_27' title="bbox 101 2404 867 2472; baseline 0.01 -21"><span class='ocrx_word' id='word_1_189' title='bbox 101 2465 104 2472; x_wconf 33' lang='grc' dir='ltr'><strong><em>Ι</em></strong></span> <span class='ocrx_word' id='word_1_190' title='bbox 194 2406 204 2418; x_wconf 86' lang='grc'>““</span> <span class='ocrx_word' id='word_1_191' title='bbox 269 2405 313 2453; x_wconf 88' lang='lat' dir='ltr'>Per</span> <span class='ocrx_word' id='word_1_192' title='bbox 327 2404 419 2456; x_wconf 86' lang='lat' dir='ltr'>medios</span> <span class='ocrx_word' id='word_1_193' title='bbox 431 2407 507 2455; x_wconf 83' lang='lat' dir='ltr'>hostes</span> <span class='ocrx_word' id='word_1_194' title='bbox 519 2441 527 2465; x_wconf 95' lang='lat'>,</span> <span class='ocrx_word' id='word_1_195' title='bbox 539 2408 630 2455; x_wconf 86' lang='lat' dir='ltr'>meritis</span> <span class='ocrx_word' id='word_1_196' title='bbox 640 2405 728 2456; x_wconf 83' lang='lat' dir='ltr'>fiducia</span> <span class='ocrx_word' id='word_1_197' title='bbox 739 2422 806 2458; x_wconf 77' lang='lat' dir='ltr'>tante</span> <span class='ocrx_word' id='word_1_198' title='bbox 817 2411 867 2459; x_wconf 85' lang='lat' dir='ltr'>est!</span> 
     </span>
    </p>
   </div>
   <div class='ocr_carea' id='block_1_8' title="bbox 211 2475 943 3024">
    <p class='ocr_par' dir='ltr' id='par_1_14' title="bbox 269 2475 891 2551">
     <span class='ocr_line' id='line_1_28' title="bbox 269 2475 891 2551; baseline 0.013 -20"><span class='ocrx_word' id='word_1_199' title='bbox 269 2484 379 2532; x_wconf 86' lang='lat' dir='ltr'>Pervenit</span> <span class='ocrx_word' id='word_1_200' title='bbox 390 2481 421 2532; x_wconf 85' lang='lat' dir='ltr'>ad</span> <span class='ocrx_word' id='word_1_201' title='bbox 432 2475 512 2548; x_wconf 77' lang='lat' dir='ltr'>regem</span> <span class='ocrx_word' id='word_1_202' title='bbox 522 2521 529 2544; x_wconf 91' lang='lat'>‚</span> <span class='ocrx_word' id='word_1_203' title='bbox 541 2499 613 2550; x_wconf 88' lang='lat' dir='ltr'>quem</span> <span class='ocrx_word' id='word_1_204' title='bbox 623 2488 656 2533; x_wconf 79' lang='lat' dir='ltr'>sic</span> <span class='ocrx_word' id='word_1_205' title='bbox 666 2483 739 2534; x_wconf 78' lang='lat' dir='ltr'>affatu</span> <span class='ocrx_word' id='word_1_206' title='bbox 749 2503 891 2551; x_wconf 78' lang='lat' dir='ltr'>paventem.</span> 
     </span>
    </p>

    <p class='ocr_par' dir='ltr' id='par_1_15' title="bbox 219 2561 918 2786">
     <span class='ocr_line' id='line_1_29' title="bbox 219 2561 846 2629; baseline 0.005 -17"><span class='ocrx_word' id='word_1_207' title='bbox 219 2569 252 2612; x_wconf 84' lang='lat'>90</span> <span class='ocrx_word' id='word_1_208' title='bbox 269 2562 346 2610; x_wconf 85' lang='lat' dir='ltr'>Suasit</span> <span class='ocrx_word' id='word_1_209' title='bbox 365 2577 433 2609; x_wconf 88' lang='lat' dir='ltr'>amor</span> <span class='ocrx_word' id='word_1_210' title='bbox 444 2561 535 2611; x_wconf 83' lang='lat' dir='ltr'>facinus</span> <span class='ocrx_word' id='word_1_211' title='bbox 547 2581 553 2610; x_wconf 93' lang='lat'><strong>:</strong></span> <span class='ocrx_word' id='word_1_212' title='bbox 567 2563 644 2628; x_wconf 83' lang='lat' dir='ltr'>proles</span> <span class='ocrx_word' id='word_1_213' title='bbox 656 2579 701 2628; x_wconf 84' lang='lat' dir='ltr'>ego</span> <span class='ocrx_word' id='word_1_214' title='bbox 715 2568 779 2629; x_wconf 78' lang='lat' dir='ltr'>regia</span> <span class='ocrx_word' id='word_1_215' title='bbox 791 2566 846 2616; x_wconf 83' lang='lat' dir='ltr'>Nisi</span> 
     </span>
     <span class='ocr_line' id='line_1_30' title="bbox 268 2637 895 2709; baseline 0.013 -21"><span class='ocrx_word' id='word_1_216' title='bbox 268 2639 360 2702; x_wconf 82' lang='lat' dir='ltr'>Scylla,</span> <span class='ocrx_word' id='word_1_217' title='bbox 372 2640 415 2688; x_wconf 91' lang='lat' dir='ltr'>tibi</span> <span class='ocrx_word' id='word_1_218' title='bbox 429 2637 498 2688; x_wconf 79' lang='lat' dir='ltr'>trudo</span> <span class='ocrx_word' id='word_1_219' title='bbox 509 2644 644 2706; x_wconf 83' lang='lat' dir='ltr'>patriosque</span> <span class='ocrx_word' id='word_1_220' title='bbox 655 2659 770 2709; x_wconf 83' lang='lat' dir='ltr'>meosque</span> <span class='ocrx_word' id='word_1_221' title='bbox 781 2645 895 2696; x_wconf 71' lang='lat' dir='ltr'>Penates.</span> 
     </span>
     <span class='ocr_line' id='line_1_31' title="bbox 266 2713 918 2786; baseline 0.012 -20"><span class='ocrx_word' id='word_1_222' title='bbox 266 2713 365 2768; x_wconf 83' lang='lat' dir='ltr'>Praenria</span> <span class='ocrx_word' id='word_1_223' title='bbox 377 2718 443 2768; x_wconf 87' lang='lat' dir='ltr'>nulla</span> <span class='ocrx_word' id='word_1_224' title='bbox 456 2717 530 2784; x_wconf 86' lang='lat' dir='ltr'>peto,</span> <span class='ocrx_word' id='word_1_225' title='bbox 543 2723 588 2769; x_wconf 85' lang='lat' dir='ltr'>nisi</span> <span class='ocrx_word' id='word_1_226' title='bbox 603 2735 627 2769; x_wconf 91' lang='lat' dir='ltr'>te</span> <span class='ocrx_word' id='word_1_227' title='bbox 637 2740 643 2769; x_wconf 73' lang='grc' dir='ltr'><strong>ι</strong></span> <span class='ocrx_word' id='word_1_228' title='bbox 655 2737 713 2786; x_wconf 85' lang='lat' dir='ltr'>cape</span> <span class='ocrx_word' id='word_1_229' title='bbox 721 2723 809 2786; x_wconf 78' lang='lat' dir='ltr'>pignus</span> <span class='ocrx_word' id='word_1_230' title='bbox 820 2729 918 2774; x_wconf 82' lang='lat' dir='ltr'>unoris</span> 
     </span>
    </p>

    <p class='ocr_par' dir='ltr' id='par_1_16' title="bbox 211 2789 943 2946">
     <span class='ocr_line' id='line_1_32' title="bbox 211 2789 943 2864; baseline 0.014 -21"><span class='ocrx_word' id='word_1_231' title='bbox 211 2789 216 2802; x_wconf 63' lang='lat'>⁸</span> <span class='ocrx_word' id='word_1_232' title='bbox 266 2797 412 2861; x_wconf 88' lang='lat' dir='ltr'>Purpureum</span> <span class='ocrx_word' id='word_1_233' title='bbox 424 2800 528 2856; x_wconf 80' lang='lat' dir='ltr'>crinem3</span> <span class='ocrx_word' id='word_1_234' title='bbox 546 2815 590 2848; x_wconf 90' lang='lat' dir='ltr'>nec</span> <span class='ocrx_word' id='word_1_235' title='bbox 600 2815 639 2848; x_wconf 89' lang='lat' dir='ltr'>me</span> <span class='ocrx_word' id='word_1_236' title='bbox 650 2815 714 2848; x_wconf 88' lang='lat' dir='ltr'>nunc</span> <span class='ocrx_word' id='word_1_237' title='bbox 722 2799 816 2850; x_wconf 81' lang='lat' dir='ltr'>tradere</span> <span class='ocrx_word' id='word_1_238' title='bbox 823 2807 943 2864; x_wconf 87' lang='lat' dir='ltr'>crinem,</span> 
     </span>
     <span class='ocr_line' id='line_1_33' title="bbox 265 2873 938 2946; baseline 0.018 -25"><span class='ocrx_word' id='word_1_239' title='bbox 265 2873 310 2946; x_wconf 79' lang='lat' dir='ltr'>Sed</span> <span class='ocrx_word' id='word_1_240' title='bbox 328 2877 431 2938; x_wconf 81' lang='lat' dir='ltr'>patrium</span> <span class='ocrx_word' id='word_1_241' title='bbox 443 2877 487 2924; x_wconf 91' lang='lat' dir='ltr'>tibi</span> <span class='ocrx_word' id='word_1_242' title='bbox 496 2873 565 2926; x_wconf 89' lang='lat' dir='ltr'>crede</span> <span class='ocrx_word' id='word_1_243' title='bbox 575 2891 654 2942; x_wconf 83' lang='lat' dir='ltr'>caput.</span> <span class='ocrx_word' id='word_1_244' title='bbox 663 2877 830 2945; x_wconf 77' lang='lat' dir='ltr'>Scelerataque</span> <span class='ocrx_word' id='word_1_245' title='bbox 840 2879 938 2933; x_wconf 56' lang='lat' dir='ltr'>dextri</span> 
     </span>
    </p>

    <p class='ocr_par' dir='ltr' id='par_1_17' title="bbox 215 2952 821 3024">
     <span class='ocr_line' id='line_1_34' title="bbox 215 2952 821 3024; baseline 0.013 -23"><span class='ocrx_word' id='word_1_246' title='bbox 215 2959 243 3008; x_wconf 78' lang='lat'>95</span> <span class='ocrx_word' id='word_1_247' title='bbox 263 2952 366 3002; x_wconf 81' lang='lat' dir='ltr'>Munera</span> <span class='ocrx_word' id='word_1_248' title='bbox 375 2956 489 3017; x_wconf 86' lang='lat' dir='ltr'>porrexit.</span> <span class='ocrx_word' id='word_1_249' title='bbox 501 2955 583 3004; x_wconf 79' lang='lat' dir='ltr'>Minor</span> <span class='ocrx_word' id='word_1_250' title='bbox 593 2959 700 3020; x_wconf 74' lang='lat' dir='ltr'>porrelie</span> <span class='ocrx_word' id='word_1_251' title='bbox 711 2957 801 3024; x_wconf 82' lang='lat' dir='ltr'>refugit</span> <span class='ocrx_word' id='word_1_252' title='bbox 812 2975 821 3018; x_wconf 79' lang='lat'><em>3</em></span> 
     </span>
    </p>
   </div>
   <div class='ocr_carea' id='block_1_9' title="bbox 0 0 1044 3707">
    <p class='ocr_par' dir='ltr' id='par_1_18' title="bbox 0 0 1044 3707">
     <span class='ocr_line' id='line_1_35' title="bbox 0 0 1044 3707; baseline 0 0"><span class='ocrx_word' id='word_1_253' title='bbox 0 0 1044 3707; x_wconf 95' lang='lat' dir='ltr'> </span> 
     </span>
    </p>
   </div>
  </div>
 </body>
</html>
