2078 3708
114 384 120 394 ι
141 295 570 368 ΜετΑΜοκΡΗοεεοΝ
583 297 621 366 L
637 295 722 368 VII.
751 318 814 390 153

95 416 212 478 Quorum
222 419 307 470 oculos
319 454 328 480 ‚
341 421 392 484 ipso
401 422 512 470 vitiantes
523 423 605 470 omnia
615 421 665 470 visu
677 455 686 482 ,

94 498 208 564 Juppiter
220 499 303 548 exosus
314 533 323 560 ‚
339 497 447 548 fraternis
457 497 564 550 subdidit
576 499 655 550 undis.

130 644 266 696 Transit&
279 648 383 712 antiquae
396 644 511 696 Cartheia
525 648 615 696 moenia
625 643 703 706 Ceae,

93 721 153 782 Qua
164 739 231 788 pater
242 722 377 773 Alcidamas
387 722 507 788 placidam
522 722 552 772 de
563 740 663 788 corpore
675 737 740 772 nate

91 801 229 852 Miraturus
240 819 291 852 erat
303 804 367 851 nasci
379 799 481 868 potuiffe
494 801 642 852 columbam.
822 793 868 838 ³7⁰

130 945 191 997 Inde
202 947 267 996 lacus
279 949 363 1011 Hyries
373 947 439 998 videt
451 984 459 1008 ,
475 952 500 998 bc
511 953 609 1012 cyrne'ia
621 949 730 1012 Tempe',
816 937 819 947 ⁸

93 1025 158 1085 Quae
169 1027 260 1075 subitus
271 1026 399 1076 celebravit
409 1027 474 1076 olori
486 1027 548 1076 Nam
561 1027 667 1090 Phyllius
679 1027 729 1074 illic

92 1103 204 1168 Imperio
215 1108 281 1168 pueri
291 1105 446 1172 volucresque
457 1106 580 1172 ferumque
592 1105 687 1154 leonem

93 1179 242 1232 Tradiderat
256 1179 362 1232 domitos
377 1199 494 1253 :taurum
508 1201 603 1250 quoque
616 1187 711 1232 vincere
722 1179 815 1249 julius,
840 1227 841 1230 ,

90 1259 211 1319 Vicerat
228 1263 272 1316 bt,
289 1262 368 1326 spreto
379 1264 449 1310 toties
462 1253 534 1310 iratus
550 1278 649 1320 amore,
822 1269 865 1314 375

90 1337 198 1387 Praemia
211 1339 318 1404 poscenti
330 1354 423 1388 taurum
434 1341 541 1404 suprema
551 1340 662 1404 negabat.

91 1414 141 1464 llle
155 1413 313 1480 indignatus,
328 1415 418 1482 Cupies
428 1415 484 1467 dare
495 1453 503 1475 ,
516 1415 595 1467 dixit:
608 1421 633 1466 δι
650 1417 701 1476 alto

90 1493 204 1544 Desiluit
212 1497 275 1544 saxo.
289 1494 375 1545 eundi
387 1493 496 1546 cecidille
509 1489 644 1560 putabant:

91 1571 181 1622 Fadius
189 1571 244 1624 olor
254 1577 328 1623 niveis
338 1571 456 1639 pendebat
465 1576 490 1623 in
501 1579 553 1624 a'e’ra
563 1576 657 1640 pennis.

128 1719 162 1768 At
172 1722 273 1784 genitrix
284 1719 373 1782 Hyrie,
386 1721 470 1771 servati
480 1713 575 1778 oridia,
587 1717 669 1770 flendo
818 1711 864 1772 3⁸0

90 1796 222 1856 Delicuit,
241 1795 395 1864 stagnumque
405 1799 448 1848 suo
459 1797 489 1848 de
500 1801 599 1848 nomine
610 1798 677 1846 fecit.

127 1940 230 2008 Adiacet
240 1944 276 1992 his
286 1941 407 2003 Pleuron,
421 1946 446 1992 in
457 1959 504 2009 qua
515 1941 688 2007 trepidantibus
699 1943 742 1992 alia

91 2018 186 2086 Ophias
197 2018 404 2086 effugitnatorum
413 2021 512 2073 vulnera
521 2019 628 2070 Combe.
690 2017 699 2024 ”

125 2167 186 2219 inde
197 2161 320 2221 Calauria
331 2165 449 2217 Latoidos
458 2171 541 2234 aspicit
551 2183 607 2219 arva
617 2201 626 2228 ,

90 2245 120 2296 ln
133 2248 256 2296 volucrem
266 2249 328 2294 versi
339 2261 395 2294 cum
406 2251 507 2312 coniuge
519 2249 613 2297 conscia
623 2247 692 2310 regis.
716 2311 718 2316 Ι
817 2238 859 2301 58ς

90 2325 199 2375 Dextera
209 2325 313 2388 Cyllene
325 2325 357 2372 est
367 2342 373 2372 r
385 2327 410 2373 in
423 2339 469 2388 qua
479 2340 534 2375 cum
544 2329 619 2374 matre
630 2317 781 2388 Menephron

91 2403 276 2455 Concubiturus
287 2417 353 2461 erat,
367 2405 481 2454 saevarum
492 2421 559 2454 more
573 2403 686 2453 ferarum.
705 2409 708 2424 '
789 2397 805 2411 ’“

125 2549 251 2615 Cephison
261 2552 344 2616 procul
356 2555 411 2600 hinc
425 2549 553 2602 deflentem
564 2552 612 2603 fata
623 2557 719 2619 nepotis

90 2629 216 2694 Respicit,
230 2631 256 2679 in
270 2627 388 2684 tumidam
400 2633 491 2694 phocen
502 2633 531 2680 ab
543 2631 654 2697 Apolline
664 2636 724 2682 versi
737 2651 745 2692 i

90 2707 236 2775 Eumelique
247 2707 348 2758 domum
360 2708 461 2774 lugentis
471 2713 496 2758 in
506 2715 558 2760 aire
568 2725 660 2764 natam.
751 2738 755 2748 ι
816 2710 862 2756 ³9⁰

125 2853 237 2906 Tandem
249 2857 349 2921 vipereis
361 2854 472 2920 Ephyren
481 2853 593 2910 Pirenida
602 2859 686 2920 pennis
700 2877 703 2906 ς
738 2912 741 2918 ,

92 2932 226 2998 Contigit:
240 2933 281 2983 hic
292 2949 343 2982 aevo
354 2948 444 2984 veteres
456 2933 567 2982 mortalia
578 2936 657 2998 primo

91 3010 204 3078 Corpora
215 3011 345 3078 vulgarunt
356 3011 500 3076 pluvialibus
511 3009 675 3126 edite'fungicai

690 3094 706 3128 v
