1980 3714
23 210 783 298 :amm

137 389 174 470 ¹I
205 397 249 471 Μ
280 397 311 472 Α
342 397 434 472 (ἰἸ
469 397 509 469 Ν
541 397 577 471 U
609 396 654 472 M

45 557 732 654 nuruuunuunuro.

23 687 157 802 sonno
178 739 202 801 I.
227 741 316 803 Frons
333 742 487 804 voluminis
508 737 651 800 Ovidium
667 737 783 812 exhibet

22 820 40 880 d
58 821 252 884 scribendum
270 821 328 884 sese
351 828 575 906 accingentem„
588 831 615 882 &
634 822 779 901 plurimis,

22 901 284 985 rhancopetam,
303 905 447 966 codicibus
469 903 612 984 stipatum.
633 903 701 964 Ciio
720 925 782 984 qua:
838 943 839 947 =

22 985 114 1046 dusas
138 987 212 1046 inter
236 985 357 1048 historia:
387 984 480 1068 praeest
506 985 592 1045 simul
617 993 644 1043 &
665 981 783 1044 heroicae

22 1070 112 1139 oesi,
135 1069 236 1130 tubam
256 1091 324 1132 cum
343 1071 422 1130 lauro
443 1087 532 1148 poetae
552 1064 682 1126 ostendit.
705 1065 782 1124 Era-

22 1171 56 1220 ),
84 1150 223 1211 cantibus
233 1154 380 1212 amatoriis
391 1151 522 1220 addicta,
540 1147 632 1207 eidem
645 1167 782 1206 coronam

22 1251 182 1312 aymam,
205 1241 232 1294 δι
252 1235 380 1314 plumam
397 1255 431 1292 ex
450 1233 537 1312 ipsius
562 1227 722 1308 Cupidinis
737 1225 784 1288 alt

22 1312 108 1373 nodi>
135 1318 309 1387 extradiam,
338 1316 443 1376 calami
468 1314 549 1382 vice,
583 1310 710 1392 porrigit.
737 1308 785 1368 Ad

22 1415 110 1454 mam
131 1416 214 1456 oram
229 1396 367 1467 Tabulae,
389 1393 519 1455 adversus
533 1390 607 1451 stans
619 1392 729 1461 Amor,
747 1389 784 1450 ad

22 1497 44 1535 »s
64 1476 209 1536 admovet
229 1477 299 1537 duas
314 1477 416 1548 tibias,
428 1477 547 1536 alteram
567 1470 654 1532 alteri
674 1472 784 1532 brevio-

22 1577 101 1628 :em3
125 1559 229 1638 quibus
256 1557 368 1619 Versirs,
384 1558 510 1640 Eligiaci
529 1553 622 1632 forma
648 1551 705 1612 ferd
730 1552 784 1612 de-

22 1639 156 1720 signatur.

58 1799 139 1862 Ibid.
161 1801 260 1896 dperit
278 1801 442 1872 Heroidas,
461 1801 583 1882 primam
603 1775 786 1860 Ero'ticorum

21 1902 151 1962 partem,
175 1883 251 1944 idem
285 1884 406 1960 Ovidius
432 1885 462 1940 in
497 1879 580 1939 horto
608 1876 723 1950 sedens,
759 1887 788 1938 &

21 1967 82 2042 jam
98 1969 173 2025 totus
186 1964 334 2048 inscriptis
348 1965 502 2025 amatoriis.
514 1963 603 2040 Prope
615 1957 705 2020 adstat
716 1981 787 2020 unus
813 1956 815 1963 ’

21 2065 58 2104 ex
68 2046 225 2108 Amoribus
238 2094 248 2120 ,
274 2048 404 2108 dictantis
418 2043 539 2124 speciem
550 2041 684 2100 referens:
695 2041 788 2109 Amor

21 2127 96 2187 aiter
109 2130 138 2187 in
155 2150 216 2188 aere
237 2128 398 2210 suspensus,
417 2125 552 2188 Cotinnae
566 2121 717 2182 Ovidianae
730 2120 787 2182 effi-

24 2209 106 2290 giem
128 2212 236 2270 amanti
245 2211 338 2271 Poetae
358 2206 540 2290 [pedandam
555 2201 649 2264 offert.

68 2372 175 2436 Toruo
186 2374 224 2434 II.
234 2373 347 2434 Tabula
355 2419 364 2444 ,
372 2372 459 2433 fronti
470 2369 625 2431 voluminis
636 2369 729 2440 affixa,
737 2369 790 2430 Fa·

27 2455 102 2515 bulae
119 2459 259 2540 originem
271 2455 430 2514 adumbrat.
451 2453 541 2512 Stena
559 2449 678 2510 Tabulae
700 2451 789 2514 Creta

30 2536 138 2608 insuia,
159 2559 246 2618 quam
270 2536 425 2619 indigitant
447 2532 507 2592 duae
531 2531 627 2590 statuae
647 2531 788 2592 Curetum

32 2619 141 2678 eminus
163 2616 318 2698 conspicuae
336 2641 342 2675 :
357 2614 532 2674 hicantrum
551 2613 581 2672 in
600 2633 657 2692 quo
681 2615 789 2692 Jupiter

33 2699 149 2762 lauans
168 2709 195 2759 δι
214 2697 355 2758 educatus,
377 2696 424 2757 Ad
449 2715 530 2754 oram
549 2693 683 2776 imaginis
703 2713 788 2752 unte-

36 2780 150 2853 riorem,
164 2781 291 2851 Gracia,
309 2779 421 2838 Fabulae
435 2796 535 2846 mater,
547 2773 693 2855 personata
708 2772 788 2833 cons-

36 2861 133 2941 picitur
149 2860 256 2945 magnii
269 2881 334 2921 cum
349 2857 511 2941 majestate,
522 2855 573 2917 sub
589 2855 680 2938 effigie
691 2857 789 2915 mulie·
