2036 3714
85 270 519 344 Muranontnosnou
542 261 581 334 t.
606 265 670 334 XI.
700 285 768 355 257

44 387 114 438 Sede
133 389 176 439 sut
188 424 197 450 ,
209 403 275 439 totos
283 391 427 454 in-apertum
437 389 548 438 everterit
558 403 657 452 equor,
773 397 795 444 t,
806 395 817 442 5

45 468 207 532 Praecipitata
219 470 280 526 ruiis
295 469 466 533 pariterque&
480 463 585 530 pondere
599 469 624 514 ot
637 467 683 514 isiu

46 544 149 609 Mergit
160 548 187 594 in
197 547 245 594 ima
257 559 332 594 ratem
344 563 349 593 a
362 561 418 594 cum
428 543 476 610 qui
487 559 540 608 pars
553 557 640 607 magna
649 544 756 592 virorum

48 623 160 687 Gurgite
170 619 246 687 pressa
257 625 339 687 gravi,
358 638 434 687 neque
445 625 470 670 in
481 627 534 669 a'e'ra
544 617 652 674 reddita,
664 618 716 670 fato

49 701 147 750 Funsia
164 702 208 749 suo
221 700 261 749 est.
275 699 323 748 Alii
336 695 414 765 p'artes
431 703 455 748 δι
471 699 580 748 membra
592 699 677 747 carine

50 779 155 826 Trunca
167 792 257 828 tenent.
270 777 348 828 Tenet
357 778 405 842 ipse
415 793 504 836 manu,
515 775 562 843 qui
572 777 664 840 sceptra
673 773 824 836 sotebant«-

50 856 188 921 fragmina
202 859 292 920 navigii
301 854 386 918 Ciyxs
398 857 553 920 socerumque
562 859 702 918 patremque

51 935 178 994 invocat,
197 935 259 984 heu!
274 933 357 984 frustra
367 952 374 982 t
387 930 427 982 sed
438 932 541 997 plurima
552 933 630 980 nantis
641 932 719 980 inore

52 1013 187 1074 Halcyone
197 1016 294 1077 conjux.
309 1012 379 1062 silam
389 1013 546 1077 meminitque
556 1009 675 1074 refertque
687 1025 694 1056 e

53 1089 128 1138 lllius
138 1107 194 1140 ante
204 1091 289 1140 oculos
299 1105 325 1140 ut
340 1105 411 1156 agant
422 1091 463 1138 sua
473 1105 573 1153 corpora
583 1085 667 1136 fluetus
675 1120 685 1140 ι

55 1169 152 1232 Optat;
164 1172 189 1218 &
199 1171 313 1218 exanimis
323 1170 431 1218 manibus
442 1167 573 1218 tumuletur
584 1167 678 1214 amicis.
778 1167 790 1212 i
794 1161 822 1216 ⁶5

56 1246 130 1294 Dum
143 1261 229 1306 natat,
244 1247 365 1296 absentem
376 1281 385 1307 ,
396 1248 489 1314 quoties
498 1247 555 1294 sinit
566 1245 655 1294 hiscere
665 1240 766 1301 fluctus,

56 1325 182 1374 Nominat
197 1323 354 1387 Halcyonen,
365 1328 469 1391 ipsisque
478 1327 647 1374 immurmurat
657 1317 735 1372 undis.

58 1398 141 1454 Ecce,
160 1401 229 1464 super
243 1398 336 1450 medios
352 1397 453 1460 flusius,
469 1402 536 1464 niger
552 1412 618 1448 arcus
632 1409 747 1460 aquarum
801 1397 803 1402 '

59 1477 190 1543 Frangitur
203 1497 210 1528 t
223 1482 248 1527 δι
259 1478 329 1544 rupti
339 1478 444 1528 mersum
458 1492 530 1542 caput
541 1477 622 1526 obruit
631 1471 705 1524 undi-

60 1553 160 1604 Lucifer
170 1557 297 1616 obscurus,
314 1572 357 1605 nec
368 1572 440 1622 quem
453 1556 595 1621 cognoscere
604 1549 681 1617 posses
694 1587 702 1612 ,
782 1549 830 1595 57⁰

60 1633 108 1681 111³
124 1636 195 1682 noste
210 1633 257 1682 fuit
270 1636 449 1700 :quoniamque
466 1631 578 1682 excedere
596 1630 704 1696 Olympo

60 1710 122 1760 Non
137 1711 223 1770 licuit,
238 1709 314 1760 densis
326 1714 384 1760 texit
395 1713 434 1760 sua
441 1711 543 1760 nubibus
553 1725 605 1760 ora.

97 1789 177 1838 AEolis
192 1791 281 1838 interea
297 1803 418 1838 tantorum
429 1786 641 1852 ignaramalomm

62 1867 210 1919 Dinumeret
226 1869 323 1916 nostes:
337 1871 361 1916 δι
376 1870 441 1932 jam,
458 1881 516 1930 quas
526 1862 611 1912 induat
625 1861 681 1922 ille,

63 1947 169 1996 Festinat
184 1945 270 2002 vester,
284 1949 334 2011 jam
351 1959 423 2010 quas,
443 1943 484 1996 ubi
500 1944 592 1991 venerit
607 1937 667 1998 ille,
783 1939 825 1985 575

64 2025 119 2090 ipsa
129 2039 196 2089 geret
205 2041 214 2070 s
222 2022 359 2088 reditusque
370 2022 415 2073 sihi
424 2020 546 2086 promittit
553 2020 643 2066 inanes.

66 2103 187 2152 Omnibus
199 2101 243 2151 illa
253 2099 352 2168 quidem
363 2101 456 2164 Superis
471 2099 510 2162 pia
525 2111 577 2146 tura
593 2094 700 2153 fetebat,

66 2183 130 2231 Ante
145 2195 227 2230 tamen
237 2181 333 2228 cuntios
345 2177 444 2228 iunonis
457 2174 548 2240 templa
560 2171 655 2222 colebat
665 2189 674 2229 ς

68 2260 164 2323 Proque
180 2260 247 2317 vito,
270 2259 312 2323 qui
328 2252 408 2304 nullus
419 2268 488 2312 erat,
504 2251 615 2302 veniebat
629 2246 659 2298 ad
673 2262 733 2297 aras.

69 2337 152 2402 thue
168 2335 231 2386 soret
243 2334 320 2398 sospes
330 2335 418 2396 conjux
432 2333 504 2390 sutis,
520 2344 593 2395 utque
606 2324 712 2385 rediret,
786 2317 833 2380 580

69 2415 195 2478 Optabat;
212 2411 350 2477 nullamque
367 2411 412 2458 sibi
428 2409 555 2473 preferret.
569 2405 646 2456 Atilii

69 2493 125 2544 Hoc
141 2489 172 2542 de
183 2504 220 2540 tot
230 2493 292 2542 votis
304 2501 396 2554 poterat
406 2489 545 2550 contingere
555 2483 643 2534 solum.

72 2574 106 2622 At
124 2571 177 2620 Dea
187 2585 237 2618 non
247 2568 309 2616 uitta
321 2601 328 2626 ‚
341 2581 384 2630 pro
396 2565 477 2614 sunno
487 2577 579 2622 morte,
591 2563 670 2626 rogari

73 2651 174 2701 Sustinet
186 2665 193 2696 e
205 2661 278 2712 utque
289 2661 372 2696 manus
385 2642 484 2694 funestas
494 2655 572 2692 arceat
587 2643 631 2688 aris
643 2671 652 2698 ‚

75 2729 107 2780 Iri
119 2763 128 2788 ‚
143 2742 221 2786 tneo,
233 2723 312 2784 dixit,
325 2721 439 2774 fidissima
447 2722 533 2772 nuncia
544 2720 633 2774 vocis,
788 2702 831 2764 5⁸5

76 2809 132 2856 Vise
148 2804 304 2870 soporiferam
314 2803 398 2852 Somni
410 2799 526 2848 velociter
540 2793 620 2842 aulam
632 2809 640 2850 ς

76 2885 233 2948 Exstiuiiique
241 2880 295 2942 iube
305 2878 392 2941 Ciycis
402 2878 505 2939 imagine
520 2875 602 2920 mittat

79 2963 175 3016 snum.
191 2957 223 3015 ad
236 2958 377 3026 Halcyontn
384 2989 396 3019 ,
409 2969 477 3006 ueros
488 2952 607 3004 nattautia
618 2948 692 2999 tuus.
792 3013 797 3021 Ι
