<?xml version="1.0" encoding="UTF-8"?>
<!DOCTYPE html PUBLIC "-//W3C//DTD XHTML 1.0 Transitional//EN"
    "http://www.w3.org/TR/xhtml1/DTD/xhtml1-transitional.dtd">
<html xmlns="http://www.w3.org/1999/xhtml" xml:lang="en" lang="en">
 <head>
  <title>
</title>
<meta http-equiv="Content-Type" content="text/html;charset=utf-8" />
  <meta name='ocr-system' content='tesseract 3.04.00' />
  <meta name='ocr-capabilities' content='ocr_page ocr_carea ocr_par ocr_line ocrx_word'/>
</head>
<body>
  <div class='ocr_page' id='page_1' title='image "./povidiinasoniso06ovidgoog_0353.png"; bbox 0 0 1980 3714; ppageno 0'>
   <div class='ocr_carea' id='block_1_1' title="bbox 207 274 792 384">
    <p class='ocr_par' dir='ltr' id='par_1_1' title="bbox 207 274 792 384">
     <span class='ocr_line' id='line_1_1' title="bbox 207 274 792 384; baseline -0.003 -36"><span class='ocrx_word' id='word_1_1' title='bbox 207 285 273 371; x_wconf 76' lang='lat'>54⁶</span> <span class='ocrx_word' id='word_1_2' title='bbox 342 274 386 349; x_wconf 86' lang='lat' dir='ltr'>P.</span> <span class='ocrx_word' id='word_1_3' title='bbox 409 281 568 348; x_wconf 76' lang='lat' dir='ltr'>Orrnrr</span> <span class='ocrx_word' id='word_1_4' title='bbox 589 281 792 384; x_wconf 62' lang='lat' dir='ltr'>Nasonrs</span> 
     </span>
    </p>
   </div>
   <div class='ocr_carea' id='block_1_2' title="bbox 156 397 919 1862">
    <p class='ocr_par' dir='ltr' id='par_1_2' title="bbox 156 397 919 1862">
     <span class='ocr_line' id='line_1_2' title="bbox 202 397 868 470; baseline -0.009 -18"><span class='ocrx_word' id='word_1_5' title='bbox 202 403 240 452; x_wconf 87' lang='lat' dir='ltr'>Est</span> <span class='ocrx_word' id='word_1_6' title='bbox 252 417 326 470; x_wconf 88' lang='lat' dir='ltr'>prope</span> <span class='ocrx_word' id='word_1_7' title='bbox 337 400 459 452; x_wconf 63' lang='lat' dir='ltr'>Pittheam</span> <span class='ocrx_word' id='word_1_8' title='bbox 469 399 575 451; x_wconf 86' lang='lat' dir='ltr'>tumulus</span> <span class='ocrx_word' id='word_1_9' title='bbox 585 403 725 462; x_wconf 62' lang='lat' dir='ltr'>Tamna,</span> <span class='ocrx_word' id='word_1_10' title='bbox 742 403 794 451; x_wconf 87' lang='lat' dir='ltr'>sine</span> <span class='ocrx_word' id='word_1_11' title='bbox 809 397 868 449; x_wconf 86' lang='lat' dir='ltr'>ullis</span> 
     </span>
     <span class='ocr_line' id='line_1_3' title="bbox 178 479 839 547; baseline 0.002 -18"><span class='ocrx_word' id='word_1_12' title='bbox 178 497 182 506; x_wconf 88' lang='grc'><strong><em>·</em></strong></span> <span class='ocrx_word' id='word_1_13' title='bbox 200 479 293 530; x_wconf 79' lang='lat' dir='ltr'>Arduus</span> <span class='ocrx_word' id='word_1_14' title='bbox 311 481 456 541; x_wconf 85' lang='lat' dir='ltr'>arboribus,</span> <span class='ocrx_word' id='word_1_15' title='bbox 472 479 596 547; x_wconf 85' lang='lat' dir='ltr'>quondam</span> <span class='ocrx_word' id='word_1_16' title='bbox 607 481 748 546; x_wconf 83' lang='lat' dir='ltr'>planissima</span> <span class='ocrx_word' id='word_1_17' title='bbox 757 480 839 543; x_wconf 80' lang='lat' dir='ltr'>campi</span> 
     </span>
     <span class='ocr_line' id='line_1_4' title="bbox 201 553 891 627; baseline -0.004 -20"><span class='ocrx_word' id='word_1_18' title='bbox 201 561 274 615; x_wconf 81' lang='lat' dir='ltr'>Area,</span> <span class='ocrx_word' id='word_1_19' title='bbox 292 575 356 608; x_wconf 89' lang='lat' dir='ltr'>nunc</span> <span class='ocrx_word' id='word_1_20' title='bbox 369 559 475 608; x_wconf 85' lang='lat' dir='ltr'>tumulus</span> <span class='ocrx_word' id='word_1_21' title='bbox 487 578 493 607; x_wconf 91' lang='lat'>:</span> <span class='ocrx_word' id='word_1_22' title='bbox 505 576 561 609; x_wconf 82' lang='lat' dir='ltr'>nant</span> <span class='ocrx_word' id='word_1_23' title='bbox 575 560 585 627; x_wconf 95' lang='lat'>(</span> <span class='ocrx_word' id='word_1_24' title='bbox 596 577 632 608; x_wconf 84' lang='lat' dir='ltr'>res</span> <span class='ocrx_word' id='word_1_25' title='bbox 643 557 764 609; x_wconf 86' lang='lat' dir='ltr'>horrenda</span> <span class='ocrx_word' id='word_1_26' title='bbox 775 553 891 622; x_wconf 78' lang='lat' dir='ltr'>relatui)</span> 
     </span>
     <span class='ocr_line' id='line_1_5' title="bbox 204 636 797 697; baseline 0.002 -13"><span class='ocrx_word' id='word_1_27' title='bbox 204 637 246 686; x_wconf 86' lang='lat' dir='ltr'>Vis</span> <span class='ocrx_word' id='word_1_28' title='bbox 261 636 310 688; x_wconf 84' lang='lat' dir='ltr'>fera</span> <span class='ocrx_word' id='word_1_29' title='bbox 322 653 464 692; x_wconf 85' lang='lat' dir='ltr'>ventorum,</span> <span class='ocrx_word' id='word_1_30' title='bbox 485 641 553 687; x_wconf 72' lang='lat' dir='ltr'>cecis</span> <span class='ocrx_word' id='word_1_31' title='bbox 568 637 659 688; x_wconf 86' lang='lat' dir='ltr'>inclusa</span> <span class='ocrx_word' id='word_1_32' title='bbox 670 641 797 697; x_wconf 82' lang='lat' dir='ltr'>cavernis,</span> 
     </span>
     <span class='ocr_line' id='line_1_6' title="bbox 156 707 794 778; baseline 0.005 -20"><span class='ocrx_word' id='word_1_33' title='bbox 156 707 323 774; x_wconf 74' lang='lat' dir='ltr'>erxspitate</span> <span class='ocrx_word' id='word_1_34' title='bbox 337 709 418 776; x_wconf 77' lang='lat' dir='ltr'>aliqui</span> <span class='ocrx_word' id='word_1_35' title='bbox 430 713 542 776; x_wconf 84' lang='lat' dir='ltr'>cupiens,</span> <span class='ocrx_word' id='word_1_36' title='bbox 559 711 693 778; x_wconf 69' lang='lat' dir='ltr'>luilataque</span> <span class='ocrx_word' id='word_1_37' title='bbox 706 712 794 761; x_wconf 84' lang='lat' dir='ltr'>frustra</span> 
     </span>
     <span class='ocr_line' id='line_1_7' title="bbox 203 787 739 848; baseline 0.004 -12"><span class='ocrx_word' id='word_1_38' title='bbox 203 788 324 836; x_wconf 84' lang='lat' dir='ltr'>liberiore</span> <span class='ocrx_word' id='word_1_39' title='bbox 338 787 385 838; x_wconf 84' lang='lat' dir='ltr'>frui</span> <span class='ocrx_word' id='word_1_40' title='bbox 400 789 479 848; x_wconf 78' lang='lat' dir='ltr'>coslo,</span> <span class='ocrx_word' id='word_1_41' title='bbox 497 788 554 838; x_wconf 78' lang='lat' dir='ltr'>crim</span> <span class='ocrx_word' id='word_1_42' title='bbox 567 805 661 838; x_wconf 85' lang='lat' dir='ltr'>carcere</span> <span class='ocrx_word' id='word_1_43' title='bbox 676 794 739 839; x_wconf 89' lang='lat' dir='ltr'>rima</span> 
     </span>
     <span class='ocr_line' id='line_1_8' title="bbox 203 863 801 932; baseline 0.007 -20"><span class='ocrx_word' id='word_1_44' title='bbox 203 864 277 913; x_wconf 87' lang='lat' dir='ltr'>Nulla</span> <span class='ocrx_word' id='word_1_45' title='bbox 297 863 360 914; x_wconf 80' lang='lat' dir='ltr'>foret</span> <span class='ocrx_word' id='word_1_46' title='bbox 373 879 443 925; x_wconf 88' lang='lat' dir='ltr'>toto,</span> <span class='ocrx_word' id='word_1_47' title='bbox 458 881 502 916; x_wconf 90' lang='lat' dir='ltr'>nec</span> <span class='ocrx_word' id='word_1_48' title='bbox 517 868 599 932; x_wconf 82' lang='lat' dir='ltr'>pervia</span> <span class='ocrx_word' id='word_1_49' title='bbox 613 865 709 916; x_wconf 84' lang='lat' dir='ltr'>flatibus</span> <span class='ocrx_word' id='word_1_50' title='bbox 726 863 801 924; x_wconf 84' lang='lat' dir='ltr'>eil&#39;et·‚</span> 
     </span>
     <span class='ocr_line' id='line_1_9' title="bbox 203 939 854 1008; baseline 0.005 -19"><span class='ocrx_word' id='word_1_51' title='bbox 203 939 328 990; x_wconf 85' lang='lat' dir='ltr'>Extentam</span> <span class='ocrx_word' id='word_1_52' title='bbox 349 942 475 992; x_wconf 82' lang='lat' dir='ltr'><strong>tumefecit</strong></span> <span class='ocrx_word' id='word_1_53' title='bbox 491 945 609 992; x_wconf 83' lang='lat' dir='ltr'>humum:</span> <span class='ocrx_word' id='word_1_54' title='bbox 624 959 668 992; x_wconf 89' lang='lat' dir='ltr'>ceu</span> <span class='ocrx_word' id='word_1_55' title='bbox 684 945 783 1008; x_wconf 85' lang='lat' dir='ltr'>spiritus</span> <span class='ocrx_word' id='word_1_56' title='bbox 802 945 854 993; x_wconf 84' lang='lat' dir='ltr'>oris</span> 
     </span>
     <span class='ocr_line' id='line_1_10' title="bbox 202 1018 814 1086; baseline 0.005 -19"><span class='ocrx_word' id='word_1_57' title='bbox 202 1018 310 1068; x_wconf 82' lang='lat' dir='ltr'>Tendere</span> <span class='ocrx_word' id='word_1_58' title='bbox 325 1023 429 1072; x_wconf 84' lang='lat' dir='ltr'>vesicam</span> <span class='ocrx_word' id='word_1_59' title='bbox 444 1019 526 1080; x_wconf 88' lang='lat' dir='ltr'>solet,</span> <span class='ocrx_word' id='word_1_60' title='bbox 544 1035 585 1070; x_wconf 80' lang='lat' dir='ltr'>aut</span> <span class='ocrx_word' id='word_1_61' title='bbox 604 1019 702 1086; x_wconf 89' lang='lat' dir='ltr'>derepta</span> <span class='ocrx_word' id='word_1_62' title='bbox 719 1021 814 1070; x_wconf 81' lang='lat' dir='ltr'>bicorni</span> 
     </span>
     <span class='ocr_line' id='line_1_11' title="bbox 156 1092 868 1160; baseline 0.001 -19"><span class='ocrx_word' id='word_1_63' title='bbox 156 1095 281 1159; x_wconf 71' lang='lat' dir='ltr'>posl&#39;erga</span> <span class='ocrx_word' id='word_1_64' title='bbox 293 1109 375 1160; x_wconf 85' lang='lat' dir='ltr'>capto.</span> <span class='ocrx_word' id='word_1_65' title='bbox 392 1095 487 1144; x_wconf 88' lang='lat' dir='ltr'>Tumor</span> <span class='ocrx_word' id='word_1_66' title='bbox 496 1093 538 1143; x_wconf 91' lang='lat' dir='ltr'>ille</span> <span class='ocrx_word' id='word_1_67' title='bbox 549 1093 605 1144; x_wconf 87' lang='lat' dir='ltr'>luco</span> <span class='ocrx_word' id='word_1_68' title='bbox 615 1095 746 1159; x_wconf 88' lang='lat' dir='ltr'>permansit</span> <span class='ocrx_word' id='word_1_69' title='bbox 756 1111 764 1152; x_wconf 68' lang='grc' dir='ltr'><strong>ς</strong></span> <span class='ocrx_word' id='word_1_70' title='bbox 779 1097 803 1142; x_wconf 74' lang='lat' dir='ltr'>lc</span> <span class='ocrx_word' id='word_1_71' title='bbox 820 1092 868 1142; x_wconf 85' lang='lat' dir='ltr'>alti</span> 
     </span>
     <span class='ocr_line' id='line_1_12' title="bbox 203 1167 831 1238; baseline -0.006 -14"><span class='ocrx_word' id='word_1_72' title='bbox 203 1173 283 1224; x_wconf 89' lang='lat' dir='ltr'>Collis</span> <span class='ocrx_word' id='word_1_73' title='bbox 296 1167 370 1223; x_wconf 83' lang='lat' dir='ltr'>habet</span> <span class='ocrx_word' id='word_1_74' title='bbox 383 1175 485 1238; x_wconf 87' lang='lat' dir='ltr'>speciem</span> <span class='ocrx_word' id='word_1_75' title='bbox 495 1208 504 1232; x_wconf 89' lang='lat'><strong>,</strong></span> <span class='ocrx_word' id='word_1_76' title='bbox 516 1173 637 1238; x_wconf 74' lang='lat' dir='ltr'>longoque</span> <span class='ocrx_word' id='word_1_77' title='bbox 647 1169 757 1222; x_wconf 84' lang='lat' dir='ltr'>induruit</span> <span class='ocrx_word' id='word_1_78' title='bbox 768 1188 831 1221; x_wconf 82' lang='lat' dir='ltr'>aevo.</span> 
     </span>
     <span class='ocr_line' id='line_1_13' title="bbox 236 1248 904 1314; baseline -0.003 -15"><span class='ocrx_word' id='word_1_79' title='bbox 236 1249 343 1301; x_wconf 75' lang='lat' dir='ltr'>Plurima</span> <span class='ocrx_word' id='word_1_80' title='bbox 363 1250 419 1300; x_wconf 76' lang='lat' dir='ltr'>culm</span> <span class='ocrx_word' id='word_1_81' title='bbox 430 1251 528 1300; x_wconf 83' lang='lat' dir='ltr'>subeant</span> <span class='ocrx_word' id='word_1_82' title='bbox 539 1285 548 1310; x_wconf 90' lang='lat'>‚</span> <span class='ocrx_word' id='word_1_83' title='bbox 561 1248 643 1300; x_wconf 85' lang='lat' dir='ltr'>audita</span> <span class='ocrx_word' id='word_1_84' title='bbox 653 1263 694 1298; x_wconf 87' lang='lat' dir='ltr'>aut</span> <span class='ocrx_word' id='word_1_85' title='bbox 709 1251 809 1314; x_wconf 73' lang='lat' dir='ltr'>cognita</span> <span class='ocrx_word' id='word_1_86' title='bbox 816 1249 904 1306; x_wconf 81' lang='lat' dir='ltr'>robis,</span> 
     </span>
     <span class='ocr_line' id='line_1_14' title="bbox 203 1325 893 1394; baseline -0.001 -18"><span class='ocrx_word' id='word_1_87' title='bbox 203 1327 280 1378; x_wconf 87' lang='lat' dir='ltr'>Pauca</span> <span class='ocrx_word' id='word_1_88' title='bbox 296 1330 365 1394; x_wconf 90' lang='lat' dir='ltr'>supet</span> <span class='ocrx_word' id='word_1_89' title='bbox 376 1329 485 1378; x_wconf 89' lang='lat' dir='ltr'>referam.</span> <span class='ocrx_word' id='word_1_90' title='bbox 504 1326 585 1388; x_wconf 73' lang='lat' dir='ltr'>Quid?</span> <span class='ocrx_word' id='word_1_91' title='bbox 596 1343 647 1378; x_wconf 86' lang='lat' dir='ltr'>non</span> <span class='ocrx_word' id='word_1_92' title='bbox 657 1331 681 1378; x_wconf 73' lang='grc' dir='ltr'>δι</span> <span class='ocrx_word' id='word_1_93' title='bbox 693 1327 796 1393; x_wconf 78' lang='lat' dir='ltr'>lympha</span> <span class='ocrx_word' id='word_1_94' title='bbox 805 1325 893 1392; x_wconf 80' lang='lat' dir='ltr'>figuras</span> 
     </span>
     <span class='ocr_line' id='line_1_15' title="bbox 204 1403 919 1472; baseline 0 -18"><span class='ocrx_word' id='word_1_95' title='bbox 204 1405 299 1472; x_wconf 78' lang='lat' dir='ltr'>Datque</span> <span class='ocrx_word' id='word_1_96' title='bbox 310 1410 421 1472; x_wconf 86' lang='lat' dir='ltr'>capitque</span> <span class='ocrx_word' id='word_1_97' title='bbox 430 1409 515 1456; x_wconf 75' lang='lat' dir='ltr'>noras?</span> <span class='ocrx_word' id='word_1_98' title='bbox 528 1403 609 1454; x_wconf 89' lang='lat' dir='ltr'>medio</span> <span class='ocrx_word' id='word_1_99' title='bbox 618 1421 672 1464; x_wconf 86' lang='lat' dir='ltr'>tua,</span> <span class='ocrx_word' id='word_1_100' title='bbox 684 1409 796 1470; x_wconf 81' lang='lat' dir='ltr'>corniger</span> <span class='ocrx_word' id='word_1_101' title='bbox 804 1407 919 1465; x_wconf 75' lang='lat' dir='ltr'>Ammon,</span> 
     </span>
     <span class='ocr_line' id='line_1_16' title="bbox 156 1481 845 1549; baseline 0.006 -21"><span class='ocrx_word' id='word_1_102' title='bbox 156 1481 274 1541; x_wconf 63' lang='lat' dir='ltr'>ptoUnda</span> <span class='ocrx_word' id='word_1_103' title='bbox 284 1481 324 1532; x_wconf 91' lang='lat' dir='ltr'>die</span> <span class='ocrx_word' id='word_1_104' title='bbox 340 1482 420 1549; x_wconf 75' lang='lat' dir='ltr'>gelida</span> <span class='ocrx_word' id='word_1_105' title='bbox 437 1485 470 1532; x_wconf 90' lang='lat' dir='ltr'>est</span> <span class='ocrx_word' id='word_1_106' title='bbox 480 1501 487 1532; x_wconf 82' lang='lat' dir='ltr'>s</span> <span class='ocrx_word' id='word_1_107' title='bbox 498 1497 599 1548; x_wconf 88' lang='lat' dir='ltr'>ortuque</span> <span class='ocrx_word' id='word_1_108' title='bbox 609 1484 726 1548; x_wconf 88' lang='lat' dir='ltr'>obituque</span> <span class='ocrx_word' id='word_1_109' title='bbox 736 1482 845 1532; x_wconf 79' lang='lat' dir='ltr'>calescit.</span> 
     </span>
     <span class='ocr_line' id='line_1_17' title="bbox 202 1559 813 1629; baseline 0 -19"><span class='ocrx_word' id='word_1_110' title='bbox 202 1560 312 1611; x_wconf 79' lang='lat' dir='ltr'>Admotis</span> <span class='ocrx_word' id='word_1_111' title='bbox 329 1562 470 1612; x_wconf 78' lang='lat' dir='ltr'>Athamauis</span> <span class='ocrx_word' id='word_1_112' title='bbox 488 1565 555 1629; x_wconf 89' lang='lat' dir='ltr'>aquis</span> <span class='ocrx_word' id='word_1_113' title='bbox 572 1559 700 1613; x_wconf 78' lang='lat' dir='ltr'>accendere</span> <span class='ocrx_word' id='word_1_114' title='bbox 718 1561 813 1626; x_wconf 83' lang='lat' dir='ltr'>lignum</span> 
     </span>
     <span class='ocr_line' id='line_1_18' title="bbox 202 1639 846 1699; baseline -0.003 -11"><span class='ocrx_word' id='word_1_115' title='bbox 202 1639 334 1699; x_wconf 76' lang='lat' dir='ltr'>Narratur,</span> <span class='ocrx_word' id='word_1_116' title='bbox 349 1641 465 1689; x_wconf 80' lang='lat' dir='ltr'>minimus</span> <span class='ocrx_word' id='word_1_117' title='bbox 476 1639 534 1688; x_wconf 87' lang='lat' dir='ltr'>crim</span> <span class='ocrx_word' id='word_1_118' title='bbox 544 1639 612 1690; x_wconf 87' lang='lat' dir='ltr'>Luna</span> <span class='ocrx_word' id='word_1_119' title='bbox 625 1641 720 1688; x_wconf 80' lang='lat' dir='ltr'>recessit</span> <span class='ocrx_word' id='word_1_120' title='bbox 729 1642 754 1687; x_wconf 88' lang='lat' dir='ltr'>in</span> <span class='ocrx_word' id='word_1_121' title='bbox 763 1639 846 1692; x_wconf 83' lang='lat' dir='ltr'>orbes.</span> 
     </span>
     <span class='ocr_line' id='line_1_19' title="bbox 201 1713 889 1783; baseline 0 -17"><span class='ocrx_word' id='word_1_122' title='bbox 201 1717 302 1766; x_wconf 75' lang='lat' dir='ltr'>flumen</span> <span class='ocrx_word' id='word_1_123' title='bbox 316 1717 406 1766; x_wconf 82' lang='lat' dir='ltr'>habent</span> <span class='ocrx_word' id='word_1_124' title='bbox 421 1715 545 1777; x_wconf 82' lang='lat' dir='ltr'>Cicones,</span> <span class='ocrx_word' id='word_1_125' title='bbox 555 1713 622 1783; x_wconf 87' lang='lat' dir='ltr'>quod</span> <span class='ocrx_word' id='word_1_126' title='bbox 631 1731 716 1781; x_wconf 86' lang='lat' dir='ltr'>potum</span> <span class='ocrx_word' id='word_1_127' title='bbox 728 1717 797 1765; x_wconf 82' lang='lat' dir='ltr'>saxea</span> <span class='ocrx_word' id='word_1_128' title='bbox 807 1713 889 1766; x_wconf 85' lang='lat' dir='ltr'>reddit</span> 
     </span>
     <span class='ocr_line' id='line_1_20' title="bbox 200 1793 789 1862; baseline -0.007 -16"><span class='ocrx_word' id='word_1_129' title='bbox 200 1797 311 1846; x_wconf 73' lang='lat' dir='ltr'>viscerae</span> <span class='ocrx_word' id='word_1_130' title='bbox 320 1793 388 1862; x_wconf 88' lang='lat' dir='ltr'>quod</span> <span class='ocrx_word' id='word_1_131' title='bbox 400 1797 466 1846; x_wconf 63' lang='lat' dir='ltr'>tastis</span> <span class='ocrx_word' id='word_1_132' title='bbox 476 1793 570 1846; x_wconf 82' lang='lat' dir='ltr'>inducit</span> <span class='ocrx_word' id='word_1_133' title='bbox 580 1811 700 1844; x_wconf 77' lang='lat' dir='ltr'>marmora</span> <span class='ocrx_word' id='word_1_134' title='bbox 708 1793 789 1843; x_wconf 87' lang='lat' dir='ltr'>rebus.</span> 
     </span>
    </p>
   </div>
   <div class='ocr_carea' id='block_1_3' title="bbox 157 1872 989 1936">
    <p class='ocr_par' dir='ltr' id='par_1_3' title="bbox 157 1872 989 1936">
     <span class='ocr_line' id='line_1_21' title="bbox 157 1872 989 1936; baseline -0.005 -12"><span class='ocrx_word' id='word_1_135' title='bbox 157 1881 197 1924; x_wconf 72' lang='lat'>1¹5</span> <span class='ocrx_word' id='word_1_136' title='bbox 202 1873 298 1926; x_wconf 80' lang='lat' dir='ltr'>Crathis</span> <span class='ocrx_word' id='word_1_137' title='bbox 309 1909 317 1934; x_wconf 89' lang='lat'>,</span> <span class='ocrx_word' id='word_1_138' title='bbox 336 1877 362 1924; x_wconf 83' lang='lat'>&amp;</span> <span class='ocrx_word' id='word_1_139' title='bbox 374 1875 430 1924; x_wconf 87' lang='lat' dir='ltr'>huie</span> <span class='ocrx_word' id='word_1_140' title='bbox 442 1875 549 1936; x_wconf 79' lang='lat' dir='ltr'>Sybaris,</span> <span class='ocrx_word' id='word_1_141' title='bbox 565 1872 650 1924; x_wconf 85' lang='lat' dir='ltr'>nostris</span> <span class='ocrx_word' id='word_1_142' title='bbox 663 1873 918 1930; x_wconf 68' lang='lat' dir='ltr'>comminuentis,</span> <span class='ocrx_word' id='word_1_143' title='bbox 988 1891 989 1896; x_wconf 47' lang='lat'>¹</span> 
     </span>
    </p>
   </div>
   <div class='ocr_carea' id='block_1_4' title="bbox 154 1949 917 2956">
    <p class='ocr_par' dir='ltr' id='par_1_4' title="bbox 154 1949 917 2956">
     <span class='ocr_line' id='line_1_22' title="bbox 202 1949 759 2016; baseline -0.004 -16"><span class='ocrx_word' id='word_1_144' title='bbox 202 1951 295 2002; x_wconf 70' lang='lat' dir='ltr'>EleCiro</span> <span class='ocrx_word' id='word_1_145' title='bbox 307 1952 397 2002; x_wconf 77' lang='lat' dir='ltr'>similes</span> <span class='ocrx_word' id='word_1_146' title='bbox 415 1950 508 2000; x_wconf 79' lang='lat' dir='ltr'>faciunt</span> <span class='ocrx_word' id='word_1_147' title='bbox 525 1967 631 2016; x_wconf 84' lang='lat' dir='ltr'>ausoque</span> <span class='ocrx_word' id='word_1_148' title='bbox 649 1949 759 2016; x_wconf 90' lang='lat' dir='ltr'>capillos.</span> 
     </span>
     <span class='ocr_line' id='line_1_23' title="bbox 201 2023 917 2098; baseline -0.007 -20"><span class='ocrx_word' id='word_1_149' title='bbox 201 2029 320 2098; x_wconf 89' lang='lat' dir='ltr'>Quodque</span> <span class='ocrx_word' id='word_1_150' title='bbox 329 2033 404 2095; x_wconf 78' lang='lat' dir='ltr'>magis</span> <span class='ocrx_word' id='word_1_151' title='bbox 414 2031 502 2078; x_wconf 85' lang='lat' dir='ltr'>mirum</span> <span class='ocrx_word' id='word_1_152' title='bbox 511 2063 519 2089; x_wconf 90' lang='lat'>,</span> <span class='ocrx_word' id='word_1_153' title='bbox 528 2029 592 2087; x_wconf 83' lang='lat' dir='ltr'>sunt,</span> <span class='ocrx_word' id='word_1_154' title='bbox 600 2031 698 2093; x_wconf 86' lang='lat' dir='ltr'>quinon</span> <span class='ocrx_word' id='word_1_155' title='bbox 705 2023 917 2092; x_wconf 83' lang='lat' dir='ltr'>corporatanttitrr,</span> 
     </span>
     <span class='ocr_line' id='line_1_24' title="bbox 200 2105 844 2170; baseline -0.003 -15"><span class='ocrx_word' id='word_1_156' title='bbox 200 2108 290 2157; x_wconf 81' lang='lat' dir='ltr'>Vertlm</span> <span class='ocrx_word' id='word_1_157' title='bbox 306 2111 400 2158; x_wconf 84' lang='lat' dir='ltr'>animos</span> <span class='ocrx_word' id='word_1_158' title='bbox 412 2109 485 2158; x_wconf 76' lang='lat' dir='ltr'>etiarn</span> <span class='ocrx_word' id='word_1_159' title='bbox 496 2105 592 2156; x_wconf 79' lang='lat' dir='ltr'>valeant</span> <span class='ocrx_word' id='word_1_160' title='bbox 602 2121 711 2165; x_wconf 82' lang='lat' dir='ltr'>mutare,</span> <span class='ocrx_word' id='word_1_161' title='bbox 728 2105 844 2170; x_wconf 89' lang='lat' dir='ltr'>liquores.</span> 
     </span>
     <span class='ocr_line' id='line_1_25' title="bbox 200 2181 793 2238; baseline -0.008 -2"><span class='ocrx_word' id='word_1_162' title='bbox 200 2185 249 2236; x_wconf 87' lang='lat' dir='ltr'>Cui</span> <span class='ocrx_word' id='word_1_163' title='bbox 261 2202 310 2238; x_wconf 84' lang='lat' dir='ltr'>non</span> <span class='ocrx_word' id='word_1_164' title='bbox 322 2183 405 2236; x_wconf 81' lang='lat' dir='ltr'>audita</span> <span class='ocrx_word' id='word_1_165' title='bbox 415 2184 448 2235; x_wconf 87' lang='lat' dir='ltr'>est</span> <span class='ocrx_word' id='word_1_166' title='bbox 460 2186 569 2236; x_wconf 70' lang='lat' dir='ltr'>obscene</span> <span class='ocrx_word' id='word_1_167' title='bbox 581 2184 695 2234; x_wconf 85' lang='lat' dir='ltr'>Salmacis</span> <span class='ocrx_word' id='word_1_168' title='bbox 706 2181 793 2232; x_wconf 69' lang='lat' dir='ltr'>unde?</span> 
     </span>
     <span class='ocr_line' id='line_1_26' title="bbox 155 2263 870 2330; baseline 0 -18"><span class='ocrx_word' id='word_1_169' title='bbox 155 2263 372 2330; x_wconf 71' lang='lat' dir='ltr'>320.l5thiopesque</span> <span class='ocrx_word' id='word_1_170' title='bbox 388 2263 470 2314; x_wconf 77' lang='lat' dir='ltr'>iscus?</span> <span class='ocrx_word' id='word_1_171' title='bbox 481 2279 543 2329; x_wconf 87' lang='lat' dir='ltr'>quos</span> <span class='ocrx_word' id='word_1_172' title='bbox 556 2266 575 2312; x_wconf 86' lang='lat' dir='ltr'>si</span> <span class='ocrx_word' id='word_1_173' title='bbox 586 2267 639 2330; x_wconf 85' lang='lat' dir='ltr'>quis</span> <span class='ocrx_word' id='word_1_174' title='bbox 651 2263 757 2312; x_wconf 83' lang='lat' dir='ltr'>faucibus</span> <span class='ocrx_word' id='word_1_175' title='bbox 773 2264 870 2323; x_wconf 83' lang='lat' dir='ltr'>lrausit,</span> 
     </span>
     <span class='ocr_line' id='line_1_27' title="bbox 205 2342 854 2408; baseline -0.002 -17"><span class='ocrx_word' id='word_1_176' title='bbox 205 2345 252 2392; x_wconf 76' lang='lat' dir='ltr'>Aut</span> <span class='ocrx_word' id='word_1_177' title='bbox 264 2342 340 2404; x_wconf 86' lang='lat' dir='ltr'>furit,</span> <span class='ocrx_word' id='word_1_178' title='bbox 353 2359 393 2394; x_wconf 81' lang='lat' dir='ltr'>aut</span> <span class='ocrx_word' id='word_1_179' title='bbox 404 2346 492 2394; x_wconf 86' lang='lat' dir='ltr'>mirum</span> <span class='ocrx_word' id='word_1_180' title='bbox 506 2345 595 2408; x_wconf 91' lang='lat' dir='ltr'>patitur</span> <span class='ocrx_word' id='word_1_181' title='bbox 605 2345 719 2408; x_wconf 80' lang='lat' dir='ltr'>gravitate</span> <span class='ocrx_word' id='word_1_182' title='bbox 731 2343 854 2406; x_wconf 78' lang='lat' dir='ltr'>soporem.</span> 
     </span>
     <span class='ocr_line' id='line_1_28' title="bbox 202 2417 790 2489; baseline -0.003 -20"><span class='ocrx_word' id='word_1_183' title='bbox 202 2417 308 2472; x_wconf 87' lang='lat' dir='ltr'>Clitorio</span> <span class='ocrx_word' id='word_1_184' title='bbox 323 2425 468 2489; x_wconf 86' lang='lat' dir='ltr'>quicumque</span> <span class='ocrx_word' id='word_1_185' title='bbox 479 2423 543 2470; x_wconf 88' lang='lat' dir='ltr'>sitim</span> <span class='ocrx_word' id='word_1_186' title='bbox 560 2419 590 2470; x_wconf 86' lang='lat' dir='ltr'>de</span> <span class='ocrx_word' id='word_1_187' title='bbox 605 2420 673 2470; x_wconf 81' lang='lat' dir='ltr'>fonte</span> <span class='ocrx_word' id='word_1_188' title='bbox 685 2419 790 2478; x_wconf 76' lang='lat' dir='ltr'>levirit,</span> 
     </span>
     <span class='ocr_line' id='line_1_29' title="bbox 202 2496 835 2566; baseline -0.002 -19"><span class='ocrx_word' id='word_1_189' title='bbox 202 2499 265 2548; x_wconf 72' lang='lat' dir='ltr'>vira</span> <span class='ocrx_word' id='word_1_190' title='bbox 277 2497 357 2564; x_wconf 81' lang='lat' dir='ltr'>fugit,</span> <span class='ocrx_word' id='word_1_191' title='bbox 376 2498 511 2566; x_wconf 80' lang='lat' dir='ltr'>gaudetque</span> <span class='ocrx_word' id='word_1_192' title='bbox 524 2501 595 2550; x_wconf 83' lang='lat' dir='ltr'>metis</span> <span class='ocrx_word' id='word_1_193' title='bbox 605 2499 731 2550; x_wconf 75' lang='lat' dir='ltr'>abstemius</span> <span class='ocrx_word' id='word_1_194' title='bbox 739 2496 835 2547; x_wconf 84' lang='lat' dir='ltr'>undis.-</span> 
     </span>
     <span class='ocr_line' id='line_1_30' title="bbox 199 2575 771 2643; baseline -0.002 -17"><span class='ocrx_word' id='word_1_195' title='bbox 199 2579 244 2626; x_wconf 84' lang='lat' dir='ltr'>Seu</span> <span class='ocrx_word' id='word_1_196' title='bbox 253 2579 289 2628; x_wconf 85' lang='lat' dir='ltr'>vis</span> <span class='ocrx_word' id='word_1_197' title='bbox 302 2575 335 2626; x_wconf 84' lang='lat' dir='ltr'>est</span> <span class='ocrx_word' id='word_1_198' title='bbox 345 2580 371 2628; x_wconf 86' lang='lat' dir='ltr'>iu</span> <span class='ocrx_word' id='word_1_199' title='bbox 381 2593 460 2643; x_wconf 85' lang='lat' dir='ltr'>aqua,</span> <span class='ocrx_word' id='word_1_200' title='bbox 475 2576 556 2628; x_wconf 83' lang='lat' dir='ltr'>calido</span> <span class='ocrx_word' id='word_1_201' title='bbox 567 2581 686 2628; x_wconf 83' lang='lat' dir='ltr'>contraria</span> <span class='ocrx_word' id='word_1_202' title='bbox 695 2581 751 2626; x_wconf 81' lang='lat' dir='ltr'>vino</span> <span class='ocrx_word' id='word_1_203' title='bbox 762 2595 771 2635; x_wconf 73' lang='grc' dir='ltr'>ς</span> 
     </span>
     <span class='ocr_line' id='line_1_31' title="bbox 154 2653 890 2722; baseline -0.003 -14"><span class='ocrx_word' id='word_1_204' title='bbox 154 2657 253 2711; x_wconf 64' lang='lat' dir='ltr'>sttsive</span> <span class='ocrx_word' id='word_1_205' title='bbox 268 2653 335 2722; x_wconf 88' lang='lat' dir='ltr'>quod</span> <span class='ocrx_word' id='word_1_206' title='bbox 351 2653 470 2722; x_wconf 71' lang='lat' dir='ltr'>indigene</span> <span class='ocrx_word' id='word_1_207' title='bbox 486 2671 640 2716; x_wconf 86' lang='lat' dir='ltr'>memorant,</span> <span class='ocrx_word' id='word_1_208' title='bbox 652 2657 890 2718; x_wconf 80' lang='lat' dir='ltr'>Amithaenenatus,</span> 
     </span>
     <span class='ocr_line' id='line_1_32' title="bbox 200 2733 887 2801; baseline 0.004 -19"><span class='ocrx_word' id='word_1_209' title='bbox 200 2733 316 2796; x_wconf 76' lang='lat' dir='ltr'>l’rtetidas</span> <span class='ocrx_word' id='word_1_210' title='bbox 332 2737 445 2788; x_wconf 85' lang='lat' dir='ltr'>attonitas</span> <span class='ocrx_word' id='word_1_211' title='bbox 457 2735 509 2800; x_wconf 85' lang='lat' dir='ltr'>poli</span> <span class='ocrx_word' id='word_1_212' title='bbox 523 2733 598 2801; x_wconf 77' lang='lat' dir='ltr'>quim</span> <span class='ocrx_word' id='word_1_213' title='bbox 609 2749 650 2798; x_wconf 85' lang='lat' dir='ltr'>pet</span> <span class='ocrx_word' id='word_1_214' title='bbox 661 2735 788 2782; x_wconf 73' lang='lat' dir='ltr'>carmen&amp;</span> <span class='ocrx_word' id='word_1_215' title='bbox 801 2735 887 2785; x_wconf 82' lang='lat' dir='ltr'>herbar</span> 
     </span>
     <span class='ocr_line' id='line_1_33' title="bbox 199 2810 752 2878; baseline 0.004 -20"><span class='ocrx_word' id='word_1_216' title='bbox 199 2811 292 2874; x_wconf 86' lang='lat' dir='ltr'>Eripuit</span> <span class='ocrx_word' id='word_1_217' title='bbox 304 2813 398 2872; x_wconf 81' lang='lat' dir='ltr'>furiis,</span> <span class='ocrx_word' id='word_1_218' title='bbox 416 2815 559 2878; x_wconf 75' lang='lat' dir='ltr'>purgamina</span> <span class='ocrx_word' id='word_1_219' title='bbox 568 2813 689 2862; x_wconf 72' lang='lat' dir='ltr'>mentitio</span> <span class='ocrx_word' id='word_1_220' title='bbox 699 2810 752 2860; x_wconf 82' lang='lat' dir='ltr'>illas</span> 
     </span>
     <span class='ocr_line' id='line_1_34' title="bbox 199 2889 851 2956; baseline 0.011 -20"><span class='ocrx_word' id='word_1_221' title='bbox 199 2889 267 2938; x_wconf 76' lang='lat' dir='ltr'>Misit</span> <span class='ocrx_word' id='word_1_222' title='bbox 278 2905 349 2954; x_wconf 82' lang='lat' dir='ltr'>aquas</span> <span class='ocrx_word' id='word_1_223' title='bbox 361 2890 509 2956; x_wconf 76' lang='lat' dir='ltr'>rodiumque</span> <span class='ocrx_word' id='word_1_224' title='bbox 524 2891 584 2940; x_wconf 83' lang='lat' dir='ltr'>meri</span> <span class='ocrx_word' id='word_1_225' title='bbox 594 2892 723 2954; x_wconf 80' lang='lat' dir='ltr'>permansit</span> <span class='ocrx_word' id='word_1_226' title='bbox 733 2893 758 2938; x_wconf 87' lang='lat' dir='ltr'>in</span> <span class='ocrx_word' id='word_1_227' title='bbox 768 2889 851 2942; x_wconf 80' lang='lat' dir='ltr'>undis.</span> 
     </span>
    </p>
   </div>
   <div class='ocr_carea' id='block_1_5' title="bbox 198 2964 772 3038">
    <p class='ocr_par' dir='ltr' id='par_1_5' title="bbox 198 2964 772 3038">
     <span class='ocr_line' id='line_1_35' title="bbox 198 2964 772 3038; baseline 0 -22"><span class='ocrx_word' id='word_1_228' title='bbox 198 2967 261 3016; x_wconf 89' lang='lat' dir='ltr'>lluic</span> <span class='ocrx_word' id='word_1_229' title='bbox 275 2964 329 3018; x_wconf 88' lang='lat' dir='ltr'>fluit</span> <span class='ocrx_word' id='word_1_230' title='bbox 347 2967 433 3020; x_wconf 63' lang='lat' dir='ltr'>effedu</span> <span class='ocrx_word' id='word_1_231' title='bbox 444 2967 522 3038; x_wconf 78' lang='lat' dir='ltr'>dispar</span> <span class='ocrx_word' id='word_1_232' title='bbox 532 2967 668 3032; x_wconf 79' lang='lat' dir='ltr'>Lyncestius</span> <span class='ocrx_word' id='word_1_233' title='bbox 678 2970 753 3018; x_wconf 83' lang='lat' dir='ltr'>amnis</span> <span class='ocrx_word' id='word_1_234' title='bbox 764 2985 772 3016; x_wconf 82' lang='lat' dir='ltr'>e</span> 
     </span>
    </p>
   </div>
   <div class='ocr_carea' id='block_1_6' title="bbox 0 0 994 3714">
    <p class='ocr_par' dir='ltr' id='par_1_6' title="bbox 0 0 994 3714">
     <span class='ocr_line' id='line_1_36' title="bbox 0 0 994 3714; baseline 0 0"><span class='ocrx_word' id='word_1_235' title='bbox 0 0 994 3714; x_wconf 95' lang='lat' dir='ltr'> </span> 
     </span>
    </p>
   </div>
  </div>
 </body>
</html>
