2078 3708
213 307 285 377 ¹34
356 285 399 357 P.
422 289 577 356 Ovrnrr
594 289 789 357 NAsours

208 409 256 460 Aut
271 408 404 470 frondem,
423 414 557 477 positasque
571 425 660 460 cremet
678 409 800 460 foenilibus
818 406 918 456 herbas.

207 485 288 553 Digna
306 488 406 556 quidem
418 489 505 538 facies:
518 487 556 538 sed
570 493 593 538 bt
604 491 670 538 hunc
681 493 762 538 inuata
774 485 855 536 libido

207 565 349 617 Exliimulat
359 587 365 616 r
377 584 526 632 pronumque
537 583 609 632 genus
622 569 757 631 regionibus
769 565 819 613 illis

160 643 236 710 4coln
253 645 366 693 Venerem
380 645 420 693 est.
434 645 527 710 Flagrat
538 648 597 694 virio
609 648 733 709 gentisque
743 645 846 708 suoque.

210 721 314 786 impetus
326 723 357 771 'est
372 723 423 782 illi,
440 725 557 772 comitum
568 699 719 787 colrumpcre
730 737 829 776 curam,
852 731 858 740 “

210 797 364 865 Nutricisque
380 799 451 849 fidens
465 817 585 849 :necnon
599 801 733 866 ingentibus
743 802 818 864 ipsam

210 878 333 926 Solicirare
352 876 429 937 datis,
449 894 575 944 totumque
587 875 723 942 impendere
734 893 834 942 regnum
847 891 857 934 5

210 957 258 1004 Aut
277 973 375 1020 rapere,
394 959 417 1004 bc
435 959 496 1004 saevo
513 973 604 1021 rapiam
623 953 750 1004 defendere
765 953 841 1002 bello.

162 1033 239 1094 465Er
257 1034 317 1082 nihil
330 1033 379 1092 est,
392 1031 458 1100 quod
469 1051 517 1082 non
528 1031 619 1082 effreno
633 1048 714 1098 captus
725 1047 807 1080 amore

211 1111 278 1160 Ausit
290 1129 296 1158 r
307 1129 350 1160 nec
361 1115 456 1176 capiunt
468 1112 567 1162 inclusas
578 1113 672 1176 peliora
687 1109 795 1158 flammas

148 1194 151 1202 '
210 1187 310 1254 Jamque
328 1205 406 1238 moras
422 1187 483 1238 mali
494 1189 540 1237 fert
550 1207 557 1246 3
569 1187 704 1254 cupidoque
713 1190 838 1237 revertitur
846 1203 890 1237 ore

211 1263 249 1314 Ad
270 1265 383 1316 mandata
400 1269 522 1324 Procnes,
541 1269 564 1316 bt
581 1271 630 1330 agit
642 1267 680 1314 sua
692 1283 749 1315 vota
761 1267 801 1314 sub
817 1265 876 1316 illis.

211 1342 350 1393 Facundum
362 1345 465 1394 faciebat
475 1361 542 1392 amor
553 1365 558 1392 :
569 1348 711 1410 quotiesque
725 1345 825 1410 rogabat

162 1419 318 1490 470‚Ulterius
332 1424 392 1488 justo
403 1457 410 1481 ,
421 1423 527 1471 Procnen
538 1427 571 1471 ita
581 1423 642 1472 velle
655 1422 752 1471 ferebat.

210 1496 312 1547 Addidit
330 1503 353 1548 δι
369 1499 484 1562 lacrymas
494 1535 502 1558 ‚
514 1515 636 1566 tamquam
648 1497 780 1550 mandallet
790 1503 815 1549 &
829 1499 891 1550 illas.

210 1577 256 1626 Pro
272 1578 371 1642 Superi!
385 1593 500 1642 quantum
518 1579 629 1626 mortalia
641 1579 734 1642 pefiora
746 1593 813 1628 caetae

206 1653 290 1718 Nostis
301 1656 402 1704 habent!
421 1655 475 1720 lpso
486 1657 578 1705 sceleris
589 1656 715 1706 molimine
726 1657 816 1705 Tereus

208 1731 322 1784 Creditur
332 1735 380 1798 ipse
391 1737 458 1798 pius,
477 1734 620 1802 laudemque
637 1753 650 1784 a
666 1739 766 1784 crimine
776 1736 860 1784 sumit.

159 1809 291 1870 47rQnid?
302 1809 441 1878 quodidem
454 1813 675 1878 Philomelacupit:
688 1817 824 1880 patriosque
833 1815 928 1863 lacertis

207 1889 298 1940 Blanda
313 1905 395 1940 tenens
405 1895 538 1950 humeros,
558 1907 585 1942 ut
599 1908 636 1941 eat
645 1893 722 1942 visura
733 1892 838 1940 sororem
852 1927 860 1949 ‚

206 1967 299 2034 Perque
310 1969 390 2026 snam,
403 1986 532 2037 contraque
545 1973 609 2018 suam
620 2005 627 2027 ,
640 1973 699 2035 petit
713 1986 800 2034 usque,
814 1969 927 2018 salutem.

207 2045 301 2111 Spellat
315 2064 368 2096 eam
381 2049 485 2104 Tereus,
498 2051 721 2114 praconcreiiatqne
732 2045 839 2097 videndo
850 2065 858 2105 3

208 2124 354 2190 Osculaque,
371 2129 394 2173 lit
407 2125 472 2173 collo
487 2123 632 2175 circumdata
650 2128 746 2174 brachia
758 2129 872 2184 cernens,

159 2202 296 2265 4300mnia
308 2219 352 2266 pro
368 2203 482 2262 stimulis,
506 2193 657 2268 facibusque,
671 2205 773 2268 ciboque
785 2203 891 2264 furoris,

207 2281 313 2345 Accipit:
327 2283 350 2328 bt
370 2283 462 2345 quoties
477 2279 626 2344 ampletlitnr
637 2281 679 2329 illa
690 2295 811 2346 parentem
825 2316 833 2338 ‚

206 2354 259 2406 Effe
271 2373 353 2422 parens
365 2356 437 2406 vellet
448 2375 453 2405 ε
466 2361 615 2423 nequeenim
633 2363 711 2407 minus
724 2362 813 2423 impius
830 2356 899 2409 effer.

208 2431 319 2484 Vincitur
337 2436 459 2484 ambarum
470 2439 564 2501 genitor
575 2453 651 2502 prece.
664 2435 773 2492 Gaudet,
786 2440 885 2504 agitque

207 2509 253 2560 llla
269 2515 328 2576 patri
346 2528 423 2577 grates
434 2533 439 2561 a
450 2518 473 2562 δι
491 2511 622 2564 successiile
638 2511 728 2564 duabus

159 2585 234 2647 435ld
249 2605 335 2652 putat,
359 2590 495 2658 (infelirrl)
513 2590 579 2656 quod
595 2597 639 2641 erit
656 2593 754 2658 lugubre
772 2592 876 2644 duabus.

206 2665 257 2714 Jam
277 2666 344 2716 labor
358 2671 454 2734 exiguus
471 2669 561 2720 Phoebo
573 2673 689 2721 restabat:
702 2675 804 2738 equique

206 2744 333 2796 Pulsabant
349 2747 446 2814 pedibus
461 2750 562 2814 spatium
579 2748 678 2798 declivis
696 2750 806 2814 Olympi.

206 2821 305 2888 Regnles
319 2825 392 2890 epulae
413 2831 550 2882 mensis‚&
564 2827 668 2876 Bacchus
679 2830 704 2875 in
715 2844 772 2876 auro
807 2879 817 2898 ⁹

205 2899 319 2950 Ponitur:
335 2906 389 2952 hinc
408 2903 502 2969 placido
513 2903 599 2954 dantur
615 2907 653 2952 sua
664 2921 765 2970 corpora
775 2907 872 2958 somno.

158 2979 237 3031 490nt
247 2995 288 3030 rex
298 2979 428 3046 Odrysius,
443 2987 552 3050 quamvis
568 2985 674 3040 secessit.
689 2985 714 3034 in
730 2983 789 3034 illa·
