2036 3714
120 272 601 368 Mirruorruossouz.
619 295 700 363 XII.
721 303 789 382 269

67 413 187 483 longave
197 416 317 468 multifori
325 415 426 470 deleilat
438 418 497 468 tibia
507 419 564 467 buxi
575 433 583 475 3
644 469 649 474 ,

67 494 117 545 Sed
128 500 225 546 noctem
236 499 344 546 sermone
356 499 453 546 trahunt
464 499 601 563 :virtusque
612 491 727 560 loquendi

65 573 175 624 Materia
186 576 227 624 est.
239 576 346 642 Pugnant
358 573 463 624 referunt
473 575 593 640 hostisque
605 575 731 638 suamque3
793 575 840 613 160

64 651 146 719 Inque
157 657 222 704 vices
232 651 297 703 adita
308 667 379 720 arque
390 652 499 703 exhausta
511 651 616 718 pericula
627 653 686 716 sape

64 728 271 782 commemorare
279 735 347 798 juvat
357 750 364 780 r
376 729 436 798 quid
446 733 510 780 enini
521 731 658 798 loqueretur
669 728 788 778 Achillesi

63 809 117 859 Aut
127 810 189 877 quid
199 809 262 877 apud
271 823 387 876 magnum
398 809 477 876 potitls
486 809 640 876 loquerentur
651 806 770 856 Achillem
780 810 788 854 Ξ

62 887 184 938 Proxima
201 887 334 954 praecipud‚
351 886 446 937 domito
455 921 464 948 ‚
474 889 574 938 victoria
584 922 592 945 ,
604 886 693 951 Cygno
704 917 712 946 ,

62 965 94 1014 Iu
113 969 225 1017 sermone
236 967 291 1016 fuir.
304 967 388 1015 Visum
399 965 509 1015 mirabile
521 967 631 1024 eunetis,
793 977 836 1031 ¹⁶5
874 994 877 1002 ·

61 1042 143 1104 Quod
155 1047 236 1110 juveni
248 1061 333 1109 corpus
344 1043 413 1094 nullo
423 1043 569 1110 penetrabile
581 1043 649 1103 telo,

59 1120 234 1188 luridumque
243 1120 275 1173 ad
286 1121 383 1173 vulnera
395 1137 444 1172 erar
455 1155 464 1184 ,
477 1122 615 1188 ferrumque
628 1122 729 1172 terebat.
806 1130 810 1138 '

60 1200 121 1249 Hoc
135 1200 216 1264 ipsum
227 1197 350 1260 AEscides,
367 1202 414 1249 hoc
424 1203 572 1250 mirabantur
583 1201 677 1250 Achivi.

61 1275 133 1328 Crlm
145 1281 179 1326 sic
189 1276 274 1327 Nestor
286 1281 328 1328 ait.
340 1279 424 1327 Veliro
437 1278 484 1328 fuit
493 1282 576 1328 uultus
588 1295 653 1331 arvo.

59 1355 216 1408 Contemtor
227 1356 299 1416 ferri,
317 1355 434 1422 nulloque
450 1356 557 1406 forabilis
569 1359 630 1412 idn,
793 1372 838 1421 170

60 1433 169 1499 Cygnus
180 1453 187 1484 r
197 1447 222 1484 at
232 1435 281 1500 ipse
292 1434 353 1484 olim
365 1437 497 1500 patientem
507 1435 606 1486 vulnera
617 1436 701 1500 mille,

59 1513 180 1579 Corpore
190 1529 239 1562 non
250 1513 305 1562 laeso
317 1547 325 1574 ,
338 1514 490 1564 Perrhaebum
500 1512 589 1565 Caenea
603 1514 670 1574 vidie

58 1590 156 1642 Caenea
171 1591 336 1650 Perrhaebum,
354 1593 414 1660 qui,
434 1591 500 1641 saeris
517 1593 638 1656 inclytus,
656 1595 751 1658 Othryn

58 1669 190 1718 incoluit:
202 1667 298 1736 quoque
315 1667 341 1718 id
355 1673 444 1720 mirum
458 1673 534 1736 magis
550 1669 608 1720 siler
619 1675 645 1721 iu
656 1672 716 1732 illo,

56 1747 166 1798 Femina
176 1762 245 1796 natus
256 1762 316 1798 erat.
326 1747 428 1800 Monstri
441 1751 548 1800 novitate
560 1765 706 1812 moventur,
789 1785 831 1836 ,75

56 1827 180 1892 Quisquis
190 1824 408 1892 adestenerretque‚
416 1839 581 1893 rogautzquos
589 1827 649 1878 luter
661 1828 765 1877 Achilles
776 1863 783 1887 ‚

55 1905 113 1955 Dic
125 1939 133 1964 ‚
146 1921 189 1970 age
202 1939 211 1964 ‚
222 1909 277 1956 na'm
292 1907 381 1953 curritis
392 1902 476 1953 eadem
487 1905 519 1954 est
528 1903 610 1955 audire
619 1906 730 1956 voluntas
741 1939 749 1966 ,

56 1985 82 2034 Ο
96 1984 105 2034 !
125 1981 229 2033 facunde
239 1987 325 2044 senex,
337 1985 381 2033 aevi
395 1981 522 2049 prudentia
531 1983 627 2042 nollri;

55 2062 125 2124 Quis
136 2061 209 2112 fuerit
219 2061 320 2112 Canens
332 2095 339 2122 ,
351 2064 429 2112 curin
441 2065 560 2112 contraria
569 2062 667 2122 versus3

55 2137 119 2201 Qua
138 2139 184 2189 tihi
199 2139 304 2201 militiai,
317 2144 383 2206 cujus
394 2142 525 2190 certamine
534 2155 620 2206 pugnae
788 2148 834 2197 280

54 2219 186 2284 Cognitus
196 2236 204 2277 ς
216 2235 229 2268 a
247 2235 297 2286 quo
310 2221 341 2268 sit
351 2221 425 2268 villus
439 2253 448 2278 ,
466 2221 486 2267 si
496 2221 569 2268 vidus
581 2219 610 2268 ab
621 2218 673 2268 ullo
683 2218 725 2268 eu.

54 2299 130 2347 Tum
149 2298 228 2346 senior
240 2315 246 2344 ε
259 2300 367 2362 quamvis
378 2295 454 2346 obstet
464 2299 524 2346 mihi
536 2294 603 2346 tarda
613 2299 734 2354 verullae,

53 2375 193 2441 Multaque
208 2391 247 2423 me
259 2374 369 2439 fugiunt,
380 2378 463 2440 primis
473 2376 575 2440 spestatn
585 2375 628 2424 sub
639 2377 706 2423 annis
720 2391 728 2433 ς

54 2454 136 2504 Plura
151 2466 231 2501 tamen
242 2455 341 2502 memini
355 2471 361 2500 ι
372 2469 416 2502 nec
424 2487 433 2512 ,
442 2469 495 2518 quae
503 2456 579 2518 magis
589 2454 675 2502 haereat
683 2452 742 2512 illi,

53 2533 162 2582 Pestore
173 2545 209 2578 res
217 2530 298 2580 nostro
309 2529 341 2578 est
353 2565 361 2590 ,
379 2533 440 2579 inter
451 2531 556 2596 bellique
567 2529 683 2598 domique
786 2521 812 2568 ¹3
816 2535 829 2584 5

52 2611 120 2661 Asta
135 2623 174 2658 tot
187 2627 194 2656 e
205 2625 248 2663 ac,
258 2611 278 2656 si
289 2624 361 2674 quem
371 2609 559 2674 potuitspatiosa
571 2609 675 2658 senectus

53 2689 224 2754 spoliatorem
240 2701 340 2752 operum
351 2685 484 2738 multorum
495 2684 609 2746 reddere,
625 2689 674 2735 viai
686 2723 688 2728 .

53 2769 145 2818 Annos
156 2767 192 2814 bis
207 2778 304 2816 centnm
317 2781 397 2815 :nunc
409 2768 478 2815 tertia
488 2767 577 2814 vivitur
585 2779 650 2832 aetas.

93 2843 172 2894 Clara
188 2841 274 2892 decore
287 2843 333 2892 luit
343 2877 351 2902 ,
363 2842 441 2907 proles
452 2841 546 2890 Elateia
558 2875 566 2900 ‚
586 2840 683 2895 Certis,

55 2905 232 2961 Thellalidum
245 2911 313 2973 virgo
322 2907 482 2972 pulcherrima
488 2923 497 2965 3
511 2923 598 2971 perque
608 2909 771 2972 propinquas,
786 2929 832 2976 ¹90

55 2990 155 3056 Perque
170 3001 245 3048 suas,
263 2987 332 3038 urbes
340 3020 349 3049 ,
362 2985 406 3037 tibi
417 2986 480 3036 enim
491 2984 629 3052 popularis,
644 2985 754 3048 Achille,

586 3063 654 3129 Μὴ)
