1980 3714
267 225 333 292 310
405 196 844 287 P.0vrn11NAs0rrrs

213 324 372 380 ‚reperient
387 325 413 370 in
425 323 545 370 summurn
554 322 626 386 positi
633 337 708 386 prope
719 320 796 368 litora
805 321 894 370 montis.

262 403 323 452 Ante
334 399 422 450 srerum
435 434 443 459 ‚
454 398 487 452 eli
497 401 579 464 ingene
588 432 597 459 ,
607 400 700 463 apicem
715 397 834 448 colleeiur
841 401 864 446 in
873 412 940 449 unum,

260 478 345 544 Longa
354 481 405 528 aine
412 476 534 526 arboribus
541 491 660 527 convexus
670 471 703 526 ad
712 491 827 542 equora,
841 489 916 524 renen

260 553 379 607 Constitit
388 553 428 604 hlc
442 558 485 606 :bt
496 569 547 604 tuta
559 553 615 604 loco
627 588 636 615 ,
647 553 830 612 monstrumne,
844 552 923 602 Deurne

261 631 305 682 ille
318 635 349 682 sit
362 666 371 694 ,
385 635 511 698 ignoraus,
526 629 705 698 admiraturque
716 631 849 690 colorem,
933 671 936 678 .

212 708 436 776 9¹5Caesariernque
447 712 558 760 humeros
565 744 573 770 ,
585 710 733 775 subiesiaque
745 724 832 774 terga,
843 722 949 780 tegentem»

261 785 401 854 Ultimaque
412 790 512 853 excipiat
523 785 590 856 quod
601 787 690 838 tortilis
700 791 801 853 inguina
811 789 888 852 piscis.
975 789 976 796 ’

260 865 355 914 Sentit:
369 868 393 914 bt
404 867 521 926 innitens,
539 881 591 932 que
603 865 678 914 naun
691 869 824 931 proxima,
841 864 915 920 molit

259 941 317 993 Non
328 959 372 1009 ego
381 941 532 1010 prodigium,
546 959 597 994 non
611 945 664 994 sum
674 942 725 992 sera
735 943 820 992 bellua
827 977 837 1004 ,
849 947 922 1006 viram

259 1023 317 1072 Sum
325 1021 400 1081 Deus,
409 1023 636 1087 inquit‚aquae:nec
644 1024 758 1086 majuein
768 1036 868 1087 equora
877 1020 951 1068 Prorrrr

210 1100 299 1164 paulus
314 1101 400 1159 habet,
420 1114 461 1148 aut
471 1099 573 1154 Triton,
584 1096 814 1148 Athamantiadesre
825 1097 939 1146 Palemon.

257 1178 319 1228 Ante
330 1191 410 1228 tamen
420 1176 528 1228 mortalit
537 1193 602 1229 eram
612 1195 619 1226 t
632 1175 673 1228 sed
683 1176 778 1226 scilicet
787 1176 844 1226 altis

256 1253 359 1306 Deditus
372 1257 505 1322 equoribua
516 1289 525 1316 ,
536 1259 587 1321 jana
599 1270 651 1306 tum
661 1255 821 1304 exercebarin
830 1254 887 1303 illis.

255 1333 321 1385 Nam
331 1333 407 1384 modb
418 1331 534 1384 ducebam
544 1331 656 1383 ducentia
666 1336 725 1382 retia
735 1335 831 1398 pisces,

255 1409 327 1462 Nunc
339 1446 347 1470 ,
365 1416 391 1461 irr
403 1412 468 1462 mole
479 1410 576 1472 sedent,
587 1409 730 1463 moderabar
739 1409 858 1462 arundine
869 1411 938 1460 linum.

144 1511 151 1520 ·
206 1491 315 1550 7258unt
327 1487 398 1540 viridi
408 1506 477 1556 prato
488 1489 593 1540 confinia
603 1490 690 1551 litora,
703 1505 809 1556 quorum

255 1566 336 1616 Altera
350 1583 403 1630 para
420 1565 511 1627 undis,
525 1584 577 1629 pare
594 1568 668 1618 altera
681 1571 787 1632 cingitur
801 1569 897 1626 herbis,

168 1633 172 1640 ⁵
253 1644 317 1706 Quas
331 1661 408 1710 neque
418 1647 548 1710 cornigera
558 1647 639 1696 morsu
649 1645 729 1696 lasere
740 1650 847 1710 juvenc:
857 1663 864 1701 3

252 1721 304 1772 Nec
315 1721 415 1788 placide
431 1723 561 1790 carpsistis,
581 1740 658 1785 ovea,
676 1725 775 1774 hittaeve
786 1723 894 1788 capelle·

252 1798 311 1850 Non
328 1803 376 1865 apis
386 1798 442 1850 inde
453 1801 509 1852 tulit
519 1800 632 1851 collusius
642 1799 725 1850 sedula
732 1801 804 1850 flores
816 1819 825 1862 5

202 1878 311 1936 930Non
322 1875 436 1928 datasunt
447 1881 519 1943 capiti
526 1878 630 1944 genialia
639 1881 699 1930 setta
710 1912 718 1939 ,
729 1895 775 1928 nec
787 1894 901 1944 umquam

251 1956 373 2028 falcifera
381 1957 473 2006 secuere
480 1973 573 2006 manus.
581 1956 634 2022 Ego
646 1959 735 2022 primus
747 1961 773 2004 in
782 1955 829 2006 illo

252 2033 349 2099 Cespite
368 2033 484 2094 consedi,
498 2032 557 2084 dum
575 2033 624 2084 lina
639 2032 762 2084 madentia
774 2037 848 2084 sicco.

251 2112 333 2178 thue
351 2114 494 2162 recenserem
506 2115 612 2180 captivos
626 2111 711 2162 ordine
727 2114 824 2178 pisces,

250 2189 347 2256 Insuper
358 2191 454 2255 expoliri
468 2224 476 2250 ,
488 2207 549 2256 quos
558 2205 598 2240 aut
609 2193 634 2240 in
642 2193 702 2241 retia
713 2192 795 2250 casus,

200 2290 216 2334 9
222 2291 231 2336 5
238 2267 299 2336 5dut
313 2267 353 2315 sua
363 2265 490 2316 credulitas
500 2271 525 2316 in
534 2265 638 2317 aduncos
648 2283 728 2332 egerat
740 2270 835 2316 hamus.

240 2345 296 2393 'Res
310 2344 394 2394 similis
411 2343 487 2394 filiae!
501 2343 542 2394 sed
556 2343 616 2412 quid
627 2349 687 2414 mihi
703 2337 792 2412 fingere
803 2345 918 2412 prodelli

249 2419 364 2471 Gramine
374 2423 502 2483 cantatio,
516 2427 589 2488 coepit
599 2439 653 2472 mea
662 2421 860 2488 praedamnari,

248 2496 279 2546 Et
294 2512 385 2573 mutare
396 2498 457 2548 latus
467 2517 476 2559 ς
490 2500 598 2566 tetrique
608 2535 618 2562 ,
629 2515 656 2550 ut
665 2505 692 2550 in
701 2518 798 2568 equore
810 2506 865 2552 niti.

248 2572 361 2642 Dumque
366 2591 458 2636 moror,
464 2581 586 2645 mirorque
594 2579 666 2630 simul
675 2614 684 2640 ,
693 2579 757 2646 sugit
766 2585 847 2630 omnis
855 2585 882 2630 in
890 2579 951 2629 undar

199 2651 330 2708 940Turba
344 2655 395 2704 suas
406 2672 411 2702 ε
422 2653 596 2724 dominumque
606 2673 708 2716 norum,
720 2658 809 2724 litusq,
817 2660 952 2724 relinquunt

248 2730 365 2797 Obstupui
375 2751 383 2782 t
392 2730 524 2800 dubiusque
534 2733 576 2784 diu
587 2769 595 2795 ‚
606 2751 660 2802 quae
670 2737 754 2796 causa,
767 2741 864 2802 requiro
873 2755 883 2796 3

246 2807 312 2857 Num
328 2807 393 2858 Deus
407 2811 453 2860 hoc
463 2811 566 2878 aliquis,
576 2829 635 2862 num
647 2814 729 2864 succus
740 2813 826 2865 fecerit
837 2817 923 2866 herba.

247 2883 306 2948 Qua
317 2899 396 2938 tamen
407 2890 459 2954 has,
470 2892 579 2960 inquam,
591 2894 651 2946 vires
661 2893 735 2946 habet
744 2894 831 2946 herba?
842 2910 950 2961 manuque
