2078 3708
161 177 603 250 Marrnorraosaou
623 179 661 248 t.
680 179 724 248 V.
755 205 816 268 103

87 297 212 367 Ampycus
224 336 233 362 ,
249 301 347 352 albenti
358 302 449 353 velatus
461 318 570 369 tempora
580 301 649 352 vitri.
824 302 869 343 ¹1⁰

85 381 123 429 Tu
135 397 238 446 quoque
249 415 259 440 ,
274 379 383 447 Iapetide
395 415 404 442 ,
422 397 473 431 non
488 382 534 430 hos
544 377 693 432 adhibendus
707 379 734 430 itt
744 381 817 436 trsus3

83 457 128 507 Sed
140 461 201 524 qui,
221 462 293 524 pacis
306 476 383 524 opus,
402 461 519 510 citharam
531 475 587 508 cum
598 475 658 510 voce
668 473 776 508 moveres
789 474 797 516 3

81 533 159 587 Juffus
169 553 222 586 eras
235 538 361 586 celebrare
373 535 462 602 dapes,
475 536 609 604 festumque
620 533 739 587 canendo.

83 614 131 665 Cui
143 617 234 681 procul
248 619 357 680 astanti,
375 618 540 686 pledrumque
550 617 649 666 imbelle
661 618 769 673 tenenti,

86 694 216 751 Pettalus,
233 697 245 745 1
256 729 265 756 ‚
285 694 365 746 ridens
378 732 386 758 ,
403 699 491 764 Stygiis
502 713 560 748 caue
571 711 667 756 cetera,
680 693 759 757 dixit,
823 708 865 752 υς

81 769 197 820 Manibus
209 791 214 820 :
230 776 258 822 &
270 771 336 823 laevo
347 789 489 822 mucronem
503 788 612 838 tempore
623 769 685 837 figit.
717 829 718 832 Ἴ

81 847 222 906 Concidit,
242 855 271 900 δι
284 849 369 916 digitis
379 851 537 901 morientibus
548 851 590 900 ille
600 863 704 901 retentat

81 925 132 976 Fila
142 927 220 990 lyrae3
235 931 345 995 casuque
356 932 421 980 canit
430 928 564 979 miserabile
574 945 680 978 carmen.

80 1002 138 1054 Non
150 1009 210 1056 sinit
222 1009 406 1073 huncimpune
418 1006 485 1058 ferox
496 1001 606 1057 cecidiise
617 1007 746 1068 Lycormas
758 1021 768 1064 ς

82 1082 208 1152 Raptaque
219 1085 252 1136 de
264 1085 353 1137 dextro
365 1087 459 1138 robusta
468 1087 581 1154 repagula
591 1087 652 1153 poili
821 1085 829 1116 ¹
839 1084 866 1118 '¹⁹

83 1161 181 1212 Ossibus
191 1162 273 1215 illidit
281 1163 374 1216 medie
385 1167 499 1228 servitis:
514 1179 538 1214 at
549 1164 591 1214 ille

81 1239 214 1292 Procubuit
226 1259 321 1304 terrae,
337 1245 432 1294 matlati
444 1259 512 1296 more
523 1245 627 1309 juvenci.

82 1314 186 1378 Demere
199 1322 316 1370 tentabat
328 1319 382 1370 laevi
393 1337 490 1388 quoque
500 1319 588 1369 robora
598 1319 671 1385 postis

82 1392 220 1462 Cinyphius
231 1398 331 1448 Pelates
343 1416 349 1447 r
363 1401 464 1448 tentanti
478 1397 573 1450 dextera
589 1395 636 1450 fixa
649 1399 682 1448 est

82 1467 192 1536 Cuspide
204 1473 367 1524 Marmaridae
379 1474 484 1539 Corythi
497 1510 505 1536 ,
525 1474 639 1542 lignoque
650 1476 757 1526 cohaesit.
821 1481 862 1532 ¹²5

83 1546 189 1599 lierenti
200 1551 266 1601 larus
281 1554 362 1602 hausit
372 1553 432 1602 Abas
445 1570 451 1602 t
465 1569 509 1602 nec
520 1557 611 1604 corruit
627 1553 668 1602 iile
683 1569 691 1612 3

83 1625 129 1676 Sed
142 1631 266 1679 retinente
279 1645 379 1678 manum
390 1634 495 1680 moriens
505 1648 518 1679 e
529 1631 595 1696 poste
609 1629 733 1696 pependit.

86 1702 202 1752 Sternitur
219 1708 245 1754 ὃ(
261 1703 407 1764 Melaneus,
418 1705 512 1756 Perseia
523 1704 596 1754 casira
607 1707 700 1754 secutus
707 1737 717 1766 ,

84 1777 115 1828 Et
125 1779 303 1833 Nasamoniaci
315 1781 418 1847 Dorylas
429 1779 561 1832 ditissimus
572 1784 642 1850 agri.¹

84 1855 158 1908 Dives
171 1863 222 1925 agri
233 1846 359 1924 Dorylas,
371 1876 421 1926 quo
433 1875 483 1908 nott
494 1857 629 1924 poffederat
640 1857 701 1910 alter
817 1868 865 1916 ³30

86 1933 184 1994 Latius,
202 1953 247 1989 aut
257 1935 480 1988 totidem-tollebat
492 1935 559 1986 farris
571 1952 678 1986 acervos.

85 2009 160 2077 liujus
172 2014 198 2061 in
208 2013 315 2080 obliquo
327 2009 424 2062 miffum
438 2011 503 2061 stetit
512 2013 610 2078 inguine
624 2010 713 2060 ferrum
725 2027 731 2060 t

87 2087 174 2140 Letifer
185 2091 228 2141 ille
239 2091 318 2144 locus.
331 2090 410 2152 Quem
420 2090 473 2156 post
484 2089 559 2156 quim
569 2088 675 2140 vulneris
685 2091 766 2138 austor

89 2167 267 2234 §ingulratrte'm
279 2171 405 2230 animam,
420 2167 590 2218 &versantem
601 2167 695 2218 lumina
705 2164 767 2216 vidit

87 2241 189 2294 Bactrius
196 2244 436 2309 Halcyoneus‚Hoc‚
444 2242 510 2310 quod
516 2247 619 2310 premis,
628 2246 717 2310 inquit,
725 2245 826 2296 habetor
834 2264 859 2309 35

90 2319 127 2370 De
137 2337 175 2374 tot
186 2328 269 2390 agris,
282 2337 349 2373 terrae
363 2340 369 2370 t
382 2339 514 2388 corpusque
525 2325 641 2388 exsangue
652 2322 759 2388 reliquit.

90 2399 198 2467 Torquet
208 2405 235 2451 in
245 2404 309 2450 hunc
321 2399 411 2452 hastam
423 2399 503 2452 calido
515 2399 545 2450 de
555 2401 653 2451 vulnere
664 2415 758 2466 raptam

88 2474 160 2526 Ultor
173 2475 319 2528 Abantiades
332 2495 338 2526 ε
350 2473 432 2528 medii
444 2493 497 2543 quae
510 2493 566 2528 nare
579 2493 675 2544 recepta

92 2547 192 2602 Cervite
202 2556 284 2603 exasia
294 2552 327 2601 est
338 2587 347 2613 ,
363 2555 388 2602 in
399 2567 523 2619 partesque
535 2556 625 2604 eminet
635 2554 726 2606 ambas.

91 2625 206 2697 Dumque
214 2646 313 2680 manum
318 2630 826 2699 Fortunajuvat5Clytiumq3,Claninque31
834 2649 865 2694 4⁰

93 2703 170 2755 Matre
181 2710 243 2758 satos
254 2707 319 2768 uni,
336 2706 430 2759 diverso
441 2707 539 2760 vulnere
553 2707 627 2758 fudit.

96 2779 160 2832 Nam
170 2784 249 2848 Clytii
260 2803 302 2851 per
313 2799 440 2853 utrumque
453 2820 461 2845 ‚
479 2789 545 2852 gravi
559 2786 644 2835 librata
656 2785 764 2845 lacerto,

95 2857 205 2912 Fraxinus
216 2865 267 2914 aila
280 2863 357 2926 fernus
369 2881 375 2912 r
387 2863 493 2927 iaculum
504 2861 588 2913 Clanis
598 2880 639 2912 ote
651 2862 794 2914 momordit.

96 2933 191 2990 Occidit
203 2943 226 2990 δι
238 2937 350 2992 Celadon
360 2939 498 2992 Mendesius
509 2958 516 2990 t
527 2938 618 2992 occidit
627 2941 739 3068 Asticus,

704 3033 728 3068 tv
