2056 3706
118 229 547 299 Merrnorrnosrou
576 225 612 295 L
639 227 707 296 Ill.
737 247 780 315 7¹

69 349 165 416 Pauper
175 355 200 400 st
210 353 258 416 ipse
269 350 329 400 suit:
339 351 437 417 linoque
449 351 541 399 solebat
552 353 576 398 lc
588 351 659 398 hamo

40 449 52 457 ·
69 427 208 494 Decipere,
219 434 244 478 &
255 431 347 479 talarno
356 431 465 478 salientes
476 427 563 478 ducere
575 431 657 494 pisces.

73 511 118 555 Ars
131 507 168 555 illi
179 510 217 556 sua
229 510 309 556 census
321 523 379 556 erat.
394 507 460 557 cnm
477 505 581 556 traderet
591 519 682 562 artem‘,

74 588 178 649 Accipe,
195 601 252 650 quas
263 586 356 644 habeo,
376 583 447 634 studii
458 581 575 633 successor
587 587 611 632 δι
629 585 712 641 heres,

75 662 161 723 Dixit,
173 680 229 728 opes
239 683 246 712 e
258 667 411 728 moriensque
419 664 480 711 mihi
490 662 552 711 nihil
563 661 605 710 ille
615 662 726 727 reliquit,
794 657 840 703 59⁰

75 739 159 790 Preter
168 757 239 806 aquas
251 759 258 790 e
270 757 345 789 unum
357 745 404 789 hoc
412 737 508 805 polium
519 739 637 804 appellare
648 755 781 804 paternum.

74 819 133 868 Mox
149 837 209 885 ego,
227 835 257 868 ne
268 818 372 884 scopulis
387 821 501 866 lraererem
510 819 601 882 semper
610 820 636 866 in
646 815 722 866 isdem
735 849 743 876 ‚

73 895 187 946 addidici
199 901 325 962 regimen,
340 895 424 945 dextri
436 895 594 950 moderante,
612 899 696 945 carinas

75 973 178 1024 flectere
189 995 196 1023 e
209 979 234 1025 δι
245 975 339 1024 Olenia
351 973 413 1024 sidus
425 974 529 1040 pluviale
539 975 652 1040 capella,

75 1051 262 1119 Taygetenque,
275 1051 419 1120 Hyadesque
429 1053 506 1101 oculis
515 1054 648 1118 Atlionque
656 1056 755 1113 notavi,
799 1057 841 1105 Μ

76 1129 262 1196 Ventorumque
273 1129 379 1188 domos,
390 1135 415 1177 &
427 1144 509 1194 portus
519 1131 636 1193 puppibus
646 1144 723 1193 apros.

81 1207 154 1256 Forte
165 1223 248 1271 petens
260 1207 342 1255 Delon
354 1241 362 1265 ‚
379 1208 433 1254 Die
445 1207 534 1254 telluris
545 1205 576 1254 ad
586 1221 638 1254 oras

84 1283 200 1348 Applicor
211 1319 220 1343 ,
236 1287 261 1332 &
272 1282 360 1333 dextris
370 1281 477 1334 adducor
487 1283 557 1332 litora
568 1287 638 1332 remis
650 1300 657 1342 ς
741 1270 745 1280 ’

84 1360 174 1428 Doque
185 1362 248 1410 leues
258 1363 345 1416 saltus,
361 1360 461 1428 udaeque
471 1365 579 1411 immitor
589 1376 674 1410 areuae.

83 1439 140 1489 Nox
151 1443 191 1489 ubi
202 1442 326 1489 consumta
336 1441 369 1489 est
376 1459 384 1499 3
401 1445 493 1489 Aurora
503 1442 623 1489 rubescere
633 1439 738 1506 primslm
799 1448 847 1488 600

80 1517 214 1584 Coeperat:
227 1521 342 1584 exsurgo,
361 1519 491 1584 laticesque
499 1519 587 1568 inferre
598 1533 701 1568 recentes

79 1595 207 1647 Admoueo
220 1615 227 1654 3
244 1597 398 1663 monstroque
408 1601 490 1656 viam,
507 1615 559 1664 que
570 1595 644 1648 ducat
653 1595 684 1648 ad
695 1597 779 1647 undas.

78 1675 148 1741 lpse,
161 1674 220 1740 quid
230 1691 287 1726 aura
298 1678 359 1723 mihi
370 1677 464 1724 tumulo
476 1679 602 1740 promittat
613 1678 642 1724 ab
653 1676 721 1735 alto,

77 1755 205 1818 Prospicio
217 1770 226 1801 s
237 1757 383 1818 comitesque
391 1769 455 1801 voco
467 1768 611 1818 ,repetoque
621 1757 735 1802 carinam.

78 1831 205 1881 Adsumus
217 1845 262 1889 en,
279 1833 378 1894 inquit,
392 1833 512 1878 sociorum
524 1834 613 1895 primus
626 1831 757 1895 Opheltes3
803 1849 847 1900 ⁶05

78 1909 168 1974 thue
177 1921 246 1972 purat
258 1942 266 1966 ‚
282 1907 390 1972 praedam
400 1905 493 1955 deserto
504 1911 583 1955 neilus
593 1911 618 1956 in
628 1925 701 1974 agro,

77 1986 200 2050 Virginei
210 2002 311 2051 puerum
322 1983 391 2034 ducit
400 2001 443 2049 per
453 1985 525 2032 litora
537 1984 625 2033 sormi.

76 2065 124 2113 Ille
137 2099 146 2123 ‚
168 2081 236 2112 mero
247 2066 381 2129 somnoque
392 2065 486 2128 gravis,
499 2063 601 2110 titubare
611 2061 706 2112 videtur
713 2079 722 2122 3

77 2139 800 2208 Vixquesequitspeslocultum‚'saeiemque‚gradumque;

77 2221 123 2273 Nil
135 2222 191 2276 ibi,
202 2218 270 2286 quod
280 2215 359 2284 pollet
369 2217 433 2267 credi
444 2219 560 2278 mortale,
573 2217 693 2269 videbam.
803 2231 850 2267 ero

77 2299 111 2350 Et
123 2302 208 2358 sensi,
228 2303 253 2347 δι
266 2296 315 2346 dlxi
327 2299 411 2355 sociis,
426 2297 498 2358 Quod
509 2313 598 2346 numen
609 2302 634 2346 in
645 2299 689 2346 illo

77 2379 200 2444 Corpore
210 2380 256 2430 sit,
267 2375 350 2424 dubito
363 2393 370 2423 a
381 2375 420 2425 sed
431 2393 530 2441 corpore
540 2393 630 2424 numen
643 2380 667 2424 iu
677 2375 723 2424 isto
734 2376 774 2424 est.

78 2458 204 2523 Quisquis
215 2471 255 2509 es,
269 2453 285 2502 ὂ
297 2455 304 2502 l
317 2454 395 2504 faveas
408 2487 415 2512 ,
431 2455 563 2519 nostrisque
573 2454 694 2503 laboribus
706 2451 767 2502 adsis
778 2469 786 2509 ς

78 2534 128 2585 His
140 2549 242 2601 quoque
253 2531 294 2580 des
304 2536 407 2580 veniam.
422 2533 467 2580 Pro
477 2533 547 2580 nobis
555 2535 624 2581 mitre
635 2534 740 2598 precari,

79 2615 171 2676 Dictys
182 2615 218 2659 ait
229 2629 235 2658 ε
248 2627 297 2675 quo
308 2625 357 2658 non
367 2607 426 2658 alius
437 2607 593 2660 conscendere
604 2611 709 2658 summas
808 2626 852 2674 εις

77 2693 160 2740 Ocior
169 2703 302 2741 antennas,
325 2689 455 2753 prensoque
466 2686 564 2738 rudente
576 2688 660 2736 relabi.

80 2770 141 2819 Hoc
154 2768 245 2828 Libys,
266 2767 313 2812 hoc
326 2763 417 2821 slavus,
436 2781 510 2828 prorae
521 2765 615 2818 tutela.
632 2764 789 2821 Melanthus,
848 2810 852 2816 ,

81 2847 143 2896 Hoc
151 2845 241 2908 probat
249 2839 405 2898 lllcimedorsr
415 2845 440 2889 δι
449 2875 456 2898 ,
465 2845 651 2907 quirequiemq3
659 2839 808 2904 modumque

82 2924 159 2975 Voce
171 2919 245 2970 dabat
254 2923 344 2980 remis,
360 2921 496 2968 ammarum
504 2920 615 2968 hortator
626 2918 734 2983 Epopeus
744 2935 752 2974 ᾗ
