<?xml version="1.0" encoding="UTF-8"?>
<!DOCTYPE html PUBLIC "-//W3C//DTD XHTML 1.0 Transitional//EN"
    "http://www.w3.org/TR/xhtml1/DTD/xhtml1-transitional.dtd">
<html xmlns="http://www.w3.org/1999/xhtml" xml:lang="en" lang="en">
 <head>
  <title>
</title>
<meta http-equiv="Content-Type" content="text/html;charset=utf-8" />
  <meta name='ocr-system' content='tesseract 3.04.00' />
  <meta name='ocr-capabilities' content='ocr_page ocr_carea ocr_par ocr_line ocrx_word'/>
</head>
<body>
  <div class='ocr_page' id='page_1' title='image "./povidiinasoniso06ovidgoog_0156.png"; bbox 0 0 2078 3708; ppageno 0'>
   <div class='ocr_carea' id='block_1_1' title="bbox 133 261 808 354">
    <p class='ocr_par' dir='ltr' id='par_1_1' title="bbox 133 261 808 354">
     <span class='ocr_line' id='line_1_1' title="bbox 133 261 808 354; baseline 0.003 -21"><span class='ocrx_word' id='word_1_1' title='bbox 133 261 561 337; x_wconf 70' lang='lat' dir='ltr'>MnnAsronrrrosrou</span> <span class='ocrx_word' id='word_1_2' title='bbox 575 268 612 336; x_wconf 84' lang='lat' dir='ltr'>L.</span> <span class='ocrx_word' id='word_1_3' title='bbox 627 267 714 338; x_wconf 85' lang='lat' dir='ltr'><em>VII.</em></span> <span class='ocrx_word' id='word_1_4' title='bbox 742 291 808 354; x_wconf 78' lang='lat'>149</span> 
     </span>
    </p>
   </div>
   <div class='ocr_carea' id='block_1_2' title="bbox 79 381 881 2948">
    <p class='ocr_par' dir='ltr' id='par_1_2' title="bbox 88 381 855 610">
     <span class='ocr_line' id='line_1_2' title="bbox 90 381 711 456; baseline 0.005 -21"><span class='ocrx_word' id='word_1_5' title='bbox 90 381 122 436; x_wconf 83' lang='lat' dir='ltr'>Et</span> <span class='ocrx_word' id='word_1_6' title='bbox 131 390 180 452; x_wconf 81' lang='lat' dir='ltr'>jani</span> <span class='ocrx_word' id='word_1_7' title='bbox 191 404 257 440; x_wconf 79' lang='lat' dir='ltr'>none</span> <span class='ocrx_word' id='word_1_8' title='bbox 269 387 319 438; x_wconf 88' lang='lat' dir='ltr'>dies</span> <span class='ocrx_word' id='word_1_9' title='bbox 330 405 399 438; x_wconf 91' lang='lat' dir='ltr'>curru</span> <span class='ocrx_word' id='word_1_10' title='bbox 413 393 543 456; x_wconf 79' lang='lat' dir='ltr'><strong>pennisque</strong></span> <span class='ocrx_word' id='word_1_11' title='bbox 557 387 690 440; x_wconf 73' lang='lat' dir='ltr'>draconum</span> <span class='ocrx_word' id='word_1_12' title='bbox 702 421 711 448; x_wconf 91' lang='lat'>,</span> 
     </span>
     <span class='ocr_line' id='line_1_3' title="bbox 88 461 855 532; baseline 0.008 -18"><span class='ocrx_word' id='word_1_13' title='bbox 88 461 267 532; x_wconf 80' lang='lat' dir='ltr'>Nonaquenox</span> <span class='ocrx_word' id='word_1_14' title='bbox 278 483 361 516; x_wconf 87' lang='lat' dir='ltr'>omnes</span> <span class='ocrx_word' id='word_1_15' title='bbox 372 467 508 516; x_wconf 80' lang='lat' dir='ltr'>lustrantem</span> <span class='ocrx_word' id='word_1_16' title='bbox 517 464 612 518; x_wconf 78' lang='lat' dir='ltr'>videret</span> <span class='ocrx_word' id='word_1_17' title='bbox 623 481 691 531; x_wconf 77' lang='lat' dir='ltr'>agros</span> <span class='ocrx_word' id='word_1_18' title='bbox 701 483 709 524; x_wconf 79' lang='lat'>3</span> <span class='ocrx_word' id='word_1_19' title='bbox 811 471 855 520; x_wconf 70' lang='lat'>2³5</span> 
     </span>
     <span class='ocr_line' id='line_1_4' title="bbox 88 541 808 610; baseline 0.003 -18"><span class='ocrx_word' id='word_1_20' title='bbox 88 541 155 592; x_wconf 86' lang='lat' dir='ltr'>Ctim</span> <span class='ocrx_word' id='word_1_21' title='bbox 166 543 239 594; x_wconf 90' lang='lat' dir='ltr'>rediit</span> <span class='ocrx_word' id='word_1_22' title='bbox 249 563 255 592; x_wconf 78' lang='lat' dir='ltr'>s</span> <span class='ocrx_word' id='word_1_23' title='bbox 268 561 345 610; x_wconf 89' lang='lat' dir='ltr'>neque</span> <span class='ocrx_word' id='word_1_24' title='bbox 355 560 422 594; x_wconf 82' lang='lat' dir='ltr'>erant</span> <span class='ocrx_word' id='word_1_25' title='bbox 431 547 486 596; x_wconf 71' lang='lat' dir='ltr'>sessi</span> <span class='ocrx_word' id='word_1_26' title='bbox 496 575 504 605; x_wconf 78' lang='lat'>‚</span> <span class='ocrx_word' id='word_1_27' title='bbox 517 547 563 594; x_wconf 89' lang='lat' dir='ltr'>nisi</span> <span class='ocrx_word' id='word_1_28' title='bbox 573 543 667 600; x_wconf 89' lang='lat' dir='ltr'>odore,</span> <span class='ocrx_word' id='word_1_29' title='bbox 677 543 790 596; x_wconf 77' lang='lat' dir='ltr'>dracones</span> <span class='ocrx_word' id='word_1_30' title='bbox 800 561 808 602; x_wconf 74' lang='lat' dir='ltr'>i</span> 
     </span>
    </p>

    <p class='ocr_par' dir='ltr' id='par_1_3' title="bbox 87 616 644 687">
     <span class='ocr_line' id='line_1_5' title="bbox 87 616 644 687; baseline 0.004 -17"><span class='ocrx_word' id='word_1_31' title='bbox 87 616 119 670; x_wconf 86' lang='lat' dir='ltr'>Et</span> <span class='ocrx_word' id='word_1_32' title='bbox 132 637 215 670; x_wconf 80' lang='lat' dir='ltr'>tamen</span> <span class='ocrx_word' id='word_1_33' title='bbox 225 625 319 672; x_wconf 74' lang='lat' dir='ltr'>ennosae</span> <span class='ocrx_word' id='word_1_34' title='bbox 330 622 418 686; x_wconf 87' lang='lat' dir='ltr'>pellem</span> <span class='ocrx_word' id='word_1_35' title='bbox 428 625 526 687; x_wconf 80' lang='lat' dir='ltr'>posuere</span> <span class='ocrx_word' id='word_1_36' title='bbox 538 623 644 672; x_wconf 65' lang='lat' dir='ltr'>seneciae.</span> 
     </span>
    </p>

    <p class='ocr_par' dir='ltr' id='par_1_4' title="bbox 87 697 691 768">
     <span class='ocr_line' id='line_1_6' title="bbox 87 697 691 768; baseline 0.002 -19"><span class='ocrx_word' id='word_1_37' title='bbox 87 698 208 750; x_wconf 86' lang='lat' dir='ltr'>Constitit</span> <span class='ocrx_word' id='word_1_38' title='bbox 219 697 347 768; x_wconf 79' lang='lat' dir='ltr'>adveniens</span> <span class='ocrx_word' id='word_1_39' title='bbox 358 703 417 750; x_wconf 86' lang='lat' dir='ltr'>citra</span> <span class='ocrx_word' id='word_1_40' title='bbox 427 701 550 766; x_wconf 81' lang='lat' dir='ltr'>limenque</span> <span class='ocrx_word' id='word_1_41' title='bbox 561 699 691 765; x_wconf 80' lang='lat' dir='ltr'>foresque,</span> 
     </span>
    </p>

    <p class='ocr_par' dir='ltr' id='par_1_5' title="bbox 86 773 658 844">
     <span class='ocr_line' id='line_1_7' title="bbox 86 773 658 844; baseline 0.005 -19"><span class='ocrx_word' id='word_1_42' title='bbox 86 773 120 826; x_wconf 84' lang='lat' dir='ltr'>Et</span> <span class='ocrx_word' id='word_1_43' title='bbox 129 792 226 828; x_wconf 80' lang='lat' dir='ltr'>tantum</span> <span class='ocrx_word' id='word_1_44' title='bbox 238 777 302 828; x_wconf 83' lang='lat' dir='ltr'>coelo</span> <span class='ocrx_word' id='word_1_45' title='bbox 316 781 419 842; x_wconf 82' lang='lat' dir='ltr'>tegiturs</span> <span class='ocrx_word' id='word_1_46' title='bbox 432 777 567 844; x_wconf 77' lang='lat' dir='ltr'>refugitque</span> <span class='ocrx_word' id='word_1_47' title='bbox 577 777 658 828; x_wconf 82' lang='lat' dir='ltr'>viriles</span> 
     </span>
    </p>

    <p class='ocr_par' dir='ltr' id='par_1_6' title="bbox 85 853 857 998">
     <span class='ocr_line' id='line_1_8' title="bbox 86 853 857 921; baseline 0.008 -17"><span class='ocrx_word' id='word_1_48' title='bbox 86 853 240 914; x_wconf 73' lang='lat' dir='ltr'>Contasius3</span> <span class='ocrx_word' id='word_1_49' title='bbox 256 855 382 921; x_wconf 75' lang='lat' dir='ltr'>statuitque</span> <span class='ocrx_word' id='word_1_50' title='bbox 393 867 442 904; x_wconf 77' lang='lat' dir='ltr'>eres</span> <span class='ocrx_word' id='word_1_51' title='bbox 454 872 467 904; x_wconf 93' lang='lat' dir='ltr'>e</span> <span class='ocrx_word' id='word_1_52' title='bbox 482 857 568 921; x_wconf 78' lang='lat' dir='ltr'>cespite</span> <span class='ocrx_word' id='word_1_53' title='bbox 581 857 666 917; x_wconf 84' lang='lat' dir='ltr'>binas,</span> <span class='ocrx_word' id='word_1_54' title='bbox 811 865 857 910; x_wconf 82' lang='lat'>²40</span> 
     </span>
     <span class='ocr_line' id='line_1_9' title="bbox 85 927 671 998; baseline 0.009 -18"><span class='ocrx_word' id='word_1_55' title='bbox 85 927 230 982; x_wconf 80' lang='lat' dir='ltr'>Dexteriore</span> <span class='ocrx_word' id='word_1_56' title='bbox 241 933 358 991; x_wconf 81' lang='lat' dir='ltr'>Hecates,</span> <span class='ocrx_word' id='word_1_57' title='bbox 373 948 398 982; x_wconf 81' lang='lat' dir='ltr'>er</span> <span class='ocrx_word' id='word_1_58' title='bbox 408 932 467 990; x_wconf 72' lang='lat' dir='ltr'>levi</span> <span class='ocrx_word' id='word_1_59' title='bbox 476 947 542 998; x_wconf 81' lang='lat' dir='ltr'>parte</span> <span class='ocrx_word' id='word_1_60' title='bbox 553 933 671 986; x_wconf 76' lang='lat' dir='ltr'>Juventae·</span> 
     </span>
    </p>

    <p class='ocr_par' dir='ltr' id='par_1_7' title="bbox 86 1007 666 1076">
     <span class='ocr_line' id='line_1_10' title="bbox 86 1007 666 1076; baseline 0 -16"><span class='ocrx_word' id='word_1_61' title='bbox 86 1007 153 1070; x_wconf 84' lang='lat' dir='ltr'>Quas</span> <span class='ocrx_word' id='word_1_62' title='bbox 164 1011 206 1058; x_wconf 89' lang='lat' dir='ltr'>ubi</span> <span class='ocrx_word' id='word_1_63' title='bbox 217 1011 324 1060; x_wconf 88' lang='lat' dir='ltr'>verbenis</span> <span class='ocrx_word' id='word_1_64' title='bbox 333 1009 439 1076; x_wconf 77' lang='lat' dir='ltr'>clivique</span> <span class='ocrx_word' id='word_1_65' title='bbox 449 1012 551 1060; x_wconf 82' lang='lat' dir='ltr'>incinxit</span> <span class='ocrx_word' id='word_1_66' title='bbox 561 1011 644 1076; x_wconf 80' lang='lat' dir='ltr'>agresti</span> <span class='ocrx_word' id='word_1_67' title='bbox 656 1045 666 1071; x_wconf 95' lang='lat'>,</span> 
     </span>
    </p>

    <p class='ocr_par' dir='ltr' id='par_1_8' title="bbox 84 1083 716 1152">
     <span class='ocr_line' id='line_1_11' title="bbox 84 1083 716 1152; baseline 0.003 -16"><span class='ocrx_word' id='word_1_68' title='bbox 84 1083 161 1136; x_wconf 73' lang='lat' dir='ltr'>Haud</span> <span class='ocrx_word' id='word_1_69' title='bbox 171 1086 255 1152; x_wconf 88' lang='lat' dir='ltr'>procul</span> <span class='ocrx_word' id='word_1_70' title='bbox 268 1121 276 1147; x_wconf 94' lang='lat'>,</span> <span class='ocrx_word' id='word_1_71' title='bbox 293 1086 369 1152; x_wconf 78' lang='lat' dir='ltr'>egesti</span> <span class='ocrx_word' id='word_1_72' title='bbox 379 1089 501 1138; x_wconf 73' lang='lat' dir='ltr'>scrobibus</span> <span class='ocrx_word' id='word_1_73' title='bbox 512 1087 596 1138; x_wconf 91' lang='lat' dir='ltr'>tellure</span> <span class='ocrx_word' id='word_1_74' title='bbox 607 1087 716 1150; x_wconf 82' lang='lat' dir='ltr'>duabus,</span> 
     </span>
    </p>

    <p class='ocr_par' dir='ltr' id='par_1_9' title="bbox 84 1165 699 1231">
     <span class='ocr_line' id='line_1_12' title="bbox 84 1165 699 1231; baseline 0.003 -18"><span class='ocrx_word' id='word_1_75' title='bbox 84 1165 158 1214; x_wconf 80' lang='lat' dir='ltr'>Sacra</span> <span class='ocrx_word' id='word_1_76' title='bbox 168 1165 227 1216; x_wconf 80' lang='lat' dir='ltr'>sctit</span> <span class='ocrx_word' id='word_1_77' title='bbox 237 1183 244 1214; x_wconf 87' lang='lat' dir='ltr'>e</span> <span class='ocrx_word' id='word_1_78' title='bbox 257 1165 394 1231; x_wconf 78' lang='lat' dir='ltr'>cultrosque</span> <span class='ocrx_word' id='word_1_79' title='bbox 403 1167 429 1215; x_wconf 90' lang='lat' dir='ltr'>in</span> <span class='ocrx_word' id='word_1_80' title='bbox 442 1180 539 1230; x_wconf 75' lang='lat' dir='ltr'>guttura</span> <span class='ocrx_word' id='word_1_81' title='bbox 548 1165 643 1216; x_wconf 87' lang='lat' dir='ltr'>velletis</span> <span class='ocrx_word' id='word_1_82' title='bbox 653 1171 699 1216; x_wconf 85' lang='lat' dir='ltr'>atri</span> 
     </span>
    </p>

    <p class='ocr_par' dir='ltr' id='par_1_10' title="bbox 81 1241 854 1467">
     <span class='ocr_line' id='line_1_13' title="bbox 83 1241 854 1315; baseline 0.003 -23"><span class='ocrx_word' id='word_1_83' title='bbox 83 1241 216 1309; x_wconf 77' lang='lat' dir='ltr'>Conjicit,</span> <span class='ocrx_word' id='word_1_84' title='bbox 232 1247 258 1294; x_wconf 75' lang='grc' dir='ltr'>δι</span> <span class='ocrx_word' id='word_1_85' title='bbox 267 1244 360 1308; x_wconf 75' lang='lat' dir='ltr'>petulas</span> <span class='ocrx_word' id='word_1_86' title='bbox 371 1242 495 1308; x_wconf 83' lang='lat' dir='ltr'>perfundit</span> <span class='ocrx_word' id='word_1_87' title='bbox 507 1246 620 1310; x_wconf 72' lang='lat' dir='ltr'>sanguine</span> <span class='ocrx_word' id='word_1_88' title='bbox 633 1243 714 1294; x_wconf 81' lang='lat' dir='ltr'>sosias.</span> <span class='ocrx_word' id='word_1_89' title='bbox 810 1265 854 1315; x_wconf 78' lang='lat'>²45</span> 
     </span>
     <span class='ocr_line' id='line_1_14' title="bbox 82 1319 730 1388; baseline 0.006 -18"><span class='ocrx_word' id='word_1_90' title='bbox 82 1321 153 1370; x_wconf 87' lang='lat' dir='ltr'>Tum</span> <span class='ocrx_word' id='word_1_91' title='bbox 169 1323 237 1386; x_wconf 88' lang='lat' dir='ltr'>super</span> <span class='ocrx_word' id='word_1_92' title='bbox 250 1324 375 1386; x_wconf 75' lang='lat' dir='ltr'>invergens</span> <span class='ocrx_word' id='word_1_93' title='bbox 390 1319 477 1388; x_wconf 89' lang='lat' dir='ltr'>liquidi</span> <span class='ocrx_word' id='word_1_94' title='bbox 489 1325 608 1380; x_wconf 79' lang='lat' dir='ltr'>carchesia</span> <span class='ocrx_word' id='word_1_95' title='bbox 621 1323 730 1386; x_wconf 81' lang='lat' dir='ltr'>Bacchi,</span> 
     </span>
     <span class='ocr_line' id='line_1_15' title="bbox 81 1397 655 1467; baseline 0.003 -19"><span class='ocrx_word' id='word_1_96' title='bbox 81 1397 210 1467; x_wconf 82' lang='lat' dir='ltr'>AEoeeque</span> <span class='ocrx_word' id='word_1_97' title='bbox 220 1403 345 1466; x_wconf 80' lang='lat' dir='ltr'>invergens</span> <span class='ocrx_word' id='word_1_98' title='bbox 357 1398 432 1465; x_wconf 87' lang='lat' dir='ltr'>tepidi</span> <span class='ocrx_word' id='word_1_99' title='bbox 442 1403 561 1452; x_wconf 79' lang='lat' dir='ltr'>carchesia</span> <span class='ocrx_word' id='word_1_100' title='bbox 572 1401 637 1450; x_wconf 67' lang='lat' dir='ltr'>lestis</span> <span class='ocrx_word' id='word_1_101' title='bbox 646 1419 655 1460; x_wconf 69' lang='grc' dir='ltr'><strong><em>ς</em></strong></span> 
     </span>
    </p>

    <p class='ocr_par' dir='ltr' id='par_1_11' title="bbox 81 1473 729 1626">
     <span class='ocr_line' id='line_1_16' title="bbox 81 1473 729 1545; baseline 0.002 -18"><span class='ocrx_word' id='word_1_102' title='bbox 81 1473 167 1528; x_wconf 79' lang='lat' dir='ltr'>Verba</span> <span class='ocrx_word' id='word_1_103' title='bbox 177 1479 248 1528; x_wconf 87' lang='lat' dir='ltr'>simul</span> <span class='ocrx_word' id='word_1_104' title='bbox 261 1476 358 1539; x_wconf 85' lang='lat' dir='ltr'>fundit,</span> <span class='ocrx_word' id='word_1_105' title='bbox 376 1493 514 1545; x_wconf 83' lang='lat' dir='ltr'>terrenaque</span> <span class='ocrx_word' id='word_1_106' title='bbox 524 1482 623 1530; x_wconf 83' lang='lat' dir='ltr'>numina</span> <span class='ocrx_word' id='word_1_107' title='bbox 632 1480 729 1545; x_wconf 76' lang='lat' dir='ltr'>poscit3</span> 
     </span>
     <span class='ocr_line' id='line_1_17' title="bbox 81 1554 726 1626; baseline 0.003 -22"><span class='ocrx_word' id='word_1_108' title='bbox 81 1554 281 1622; x_wconf 79' lang='lat' dir='ltr'>Umbrarumque</span> <span class='ocrx_word' id='word_1_109' title='bbox 290 1571 358 1626; x_wconf 78' lang='lat' dir='ltr'>roget</span> <span class='ocrx_word' id='word_1_110' title='bbox 368 1555 435 1622; x_wconf 78' lang='lat' dir='ltr'>septi</span> <span class='ocrx_word' id='word_1_111' title='bbox 449 1573 504 1606; x_wconf 88' lang='lat' dir='ltr'>cum</span> <span class='ocrx_word' id='word_1_112' title='bbox 516 1561 618 1623; x_wconf 80' lang='lat' dir='ltr'>conjuge</span> <span class='ocrx_word' id='word_1_113' title='bbox 628 1573 707 1622; x_wconf 83' lang='lat' dir='ltr'>regem</span> <span class='ocrx_word' id='word_1_114' title='bbox 717 1590 726 1616; x_wconf 90' lang='lat'>,</span> 
     </span>
    </p>

    <p class='ocr_par' dir='ltr' id='par_1_12' title="bbox 82 1632 881 1856">
     <span class='ocr_line' id='line_1_18' title="bbox 82 1632 854 1700; baseline 0.005 -16"><span class='ocrx_word' id='word_1_115' title='bbox 82 1634 125 1684; x_wconf 86' lang='lat' dir='ltr'>Ne</span> <span class='ocrx_word' id='word_1_116' title='bbox 134 1649 263 1700; x_wconf 82' lang='lat' dir='ltr'>properent</span> <span class='ocrx_word' id='word_1_117' title='bbox 275 1649 338 1684; x_wconf 82' lang='lat' dir='ltr'>artus</span> <span class='ocrx_word' id='word_1_118' title='bbox 351 1633 430 1684; x_wconf 75' lang='lat' dir='ltr'>enimi</span> <span class='ocrx_word' id='word_1_119' title='bbox 442 1632 550 1684; x_wconf 77' lang='lat' dir='ltr'>fraudere</span> <span class='ocrx_word' id='word_1_120' title='bbox 563 1634 657 1684; x_wconf 86' lang='lat' dir='ltr'>seniles.</span> <span class='ocrx_word' id='word_1_121' title='bbox 808 1643 854 1688; x_wconf 83' lang='lat'>250</span> 
     </span>
     <span class='ocr_line' id='line_1_19' title="bbox 84 1711 881 1779; baseline 0.001 -17"><span class='ocrx_word' id='word_1_122' title='bbox 84 1713 154 1773; x_wconf 87' lang='lat' dir='ltr'>Quos</span> <span class='ocrx_word' id='word_1_123' title='bbox 166 1715 205 1762; x_wconf 87' lang='lat' dir='ltr'>ubi</span> <span class='ocrx_word' id='word_1_124' title='bbox 217 1713 321 1777; x_wconf 79' lang='lat' dir='ltr'>placavit</span> <span class='ocrx_word' id='word_1_125' title='bbox 330 1713 484 1779; x_wconf 69' lang='lat' dir='ltr'>precibusque</span> <span class='ocrx_word' id='word_1_126' title='bbox 495 1716 520 1762; x_wconf 80' lang='lat' dir='ltr'>et</span> <span class='ocrx_word' id='word_1_127' title='bbox 532 1729 654 1762; x_wconf 84' lang='lat' dir='ltr'>murmure</span> <span class='ocrx_word' id='word_1_128' title='bbox 665 1711 740 1778; x_wconf 82' lang='lat' dir='ltr'>longo</span> <span class='ocrx_word' id='word_1_129' title='bbox 753 1744 762 1774; x_wconf 88' lang='lat'>‚</span> <span class='ocrx_word' id='word_1_130' title='bbox 879 1717 881 1722; x_wconf 59' lang='lat'><strong><em>⁴</em></strong></span> 
     </span>
     <span class='ocr_line' id='line_1_20' title="bbox 82 1787 610 1856; baseline -0.002 -16"><span class='ocrx_word' id='word_1_131' title='bbox 82 1790 182 1840; x_wconf 76' lang='lat' dir='ltr'>AEsonis</span> <span class='ocrx_word' id='word_1_132' title='bbox 192 1787 292 1840; x_wconf 83' lang='lat' dir='ltr'>effetum</span> <span class='ocrx_word' id='word_1_133' title='bbox 303 1789 404 1856; x_wconf 86' lang='lat' dir='ltr'>proferri</span> <span class='ocrx_word' id='word_1_134' title='bbox 418 1806 503 1854; x_wconf 74' lang='lat' dir='ltr'>corpus</span> <span class='ocrx_word' id='word_1_135' title='bbox 516 1787 546 1838; x_wconf 85' lang='lat' dir='ltr'>ad</span> <span class='ocrx_word' id='word_1_136' title='bbox 559 1807 610 1840; x_wconf 80' lang='lat' dir='ltr'>eras</span> 
     </span>
    </p>

    <p class='ocr_par' dir='ltr' id='par_1_13' title="bbox 81 1867 729 2010">
     <span class='ocr_line' id='line_1_21' title="bbox 81 1867 729 1934; baseline 0 -16"><span class='ocrx_word' id='word_1_137' title='bbox 81 1868 159 1918; x_wconf 79' lang='lat' dir='ltr'>lussit</span> <span class='ocrx_word' id='word_1_138' title='bbox 170 1885 176 1918; x_wconf 84' lang='lat' dir='ltr'>e</span> <span class='ocrx_word' id='word_1_139' title='bbox 189 1871 213 1918; x_wconf 78' lang='grc' dir='ltr'>δι</span> <span class='ocrx_word' id='word_1_140' title='bbox 227 1869 253 1918; x_wconf 93' lang='lat' dir='ltr'>in</span> <span class='ocrx_word' id='word_1_141' title='bbox 263 1867 347 1932; x_wconf 86' lang='lat' dir='ltr'>plenos</span> <span class='ocrx_word' id='word_1_142' title='bbox 357 1867 489 1916; x_wconf 86' lang='lat' dir='ltr'>resolutum</span> <span class='ocrx_word' id='word_1_143' title='bbox 500 1870 604 1918; x_wconf 73' lang='lat' dir='ltr'>cerrmne</span> <span class='ocrx_word' id='word_1_144' title='bbox 615 1867 729 1934; x_wconf 77' lang='lat' dir='ltr'>somnos,</span> 
     </span>
     <span class='ocr_line' id='line_1_22' title="bbox 81 1931 674 2010; baseline -0.007 -12"><span class='ocrx_word' id='word_1_145' title='bbox 81 1947 197 1998; x_wconf 72' lang='lat' dir='ltr'>Exanim</span> <span class='ocrx_word' id='word_1_146' title='bbox 209 1945 332 2007; x_wconf 80' lang='lat' dir='ltr'>similem,</span> <span class='ocrx_word' id='word_1_147' title='bbox 344 1945 420 1996; x_wconf 79' lang='lat' dir='ltr'>stratis</span> <span class='ocrx_word' id='word_1_148' title='bbox 435 1948 540 2010; x_wconf 77' lang='lat' dir='ltr'>porrexit</span> <span class='ocrx_word' id='word_1_149' title='bbox 551 1949 576 1994; x_wconf 88' lang='lat' dir='ltr'>in</span> <span class='ocrx_word' id='word_1_150' title='bbox 587 1931 674 1996; x_wconf 70' lang='lat' dir='ltr'>hdrbis.</span> 
     </span>
    </p>

    <p class='ocr_par' dir='ltr' id='par_1_14' title="bbox 81 2021 850 2246">
     <span class='ocr_line' id='line_1_23' title="bbox 81 2021 850 2091; baseline -0.004 -15"><span class='ocrx_word' id='word_1_151' title='bbox 81 2025 150 2076; x_wconf 84' lang='lat' dir='ltr'>Hinc</span> <span class='ocrx_word' id='word_1_152' title='bbox 157 2025 240 2091; x_wconf 87' lang='lat' dir='ltr'>procul</span> <span class='ocrx_word' id='word_1_153' title='bbox 247 2021 483 2088; x_wconf 77' lang='lat' dir='ltr'>AEsoniden‚procul</span> <span class='ocrx_word' id='word_1_154' title='bbox 489 2024 654 2090; x_wconf 83' lang='lat' dir='ltr'>hincjubetire</span> <span class='ocrx_word' id='word_1_155' title='bbox 661 2023 795 2082; x_wconf 78' lang='lat' dir='ltr'>ministros3</span> <span class='ocrx_word' id='word_1_156' title='bbox 807 2037 850 2086; x_wconf 80' lang='lat'>255</span> 
     </span>
     <span class='ocr_line' id='line_1_24' title="bbox 82 2099 720 2168; baseline -0.008 -14"><span class='ocrx_word' id='word_1_157' title='bbox 82 2103 117 2154; x_wconf 85' lang='lat' dir='ltr'>Et</span> <span class='ocrx_word' id='word_1_158' title='bbox 130 2103 215 2154; x_wconf 87' lang='lat' dir='ltr'>monet</span> <span class='ocrx_word' id='word_1_159' title='bbox 227 2105 317 2153; x_wconf 75' lang='lat' dir='ltr'>arcanis</span> <span class='ocrx_word' id='word_1_160' title='bbox 330 2101 414 2152; x_wconf 88' lang='lat' dir='ltr'>oculos</span> <span class='ocrx_word' id='word_1_161' title='bbox 428 2118 551 2160; x_wconf 70' lang='lat' dir='ltr'>removere</span> <span class='ocrx_word' id='word_1_162' title='bbox 562 2099 685 2165; x_wconf 78' lang='lat' dir='ltr'>profanos.</span> <span class='ocrx_word' id='word_1_163' title='bbox 719 2165 720 2168; x_wconf 8' lang='grc' dir='ltr'><strong>Ἴ</strong></span> 
     </span>
     <span class='ocr_line' id='line_1_25' title="bbox 81 2177 617 2246; baseline -0.006 -15"><span class='ocrx_word' id='word_1_164' title='bbox 81 2180 226 2246; x_wconf 80' lang='lat' dir='ltr'>Diffugiunt</span> <span class='ocrx_word' id='word_1_165' title='bbox 236 2183 302 2246; x_wconf 79' lang='lat' dir='ltr'>jussi.</span> <span class='ocrx_word' id='word_1_166' title='bbox 316 2181 391 2230; x_wconf 78' lang='lat' dir='ltr'>Passis</span> <span class='ocrx_word' id='word_1_167' title='bbox 400 2177 494 2230; x_wconf 76' lang='lat' dir='ltr'>Medea</span> <span class='ocrx_word' id='word_1_168' title='bbox 505 2179 617 2244; x_wconf 81' lang='lat' dir='ltr'>capillis,</span> 
     </span>
    </p>

    <p class='ocr_par' dir='ltr' id='par_1_15' title="bbox 80 2257 633 2322">
     <span class='ocr_line' id='line_1_26' title="bbox 80 2257 633 2322; baseline -0.009 -11"><span class='ocrx_word' id='word_1_169' title='bbox 80 2258 248 2310; x_wconf 81' lang='lat' dir='ltr'>Berchmnim</span> <span class='ocrx_word' id='word_1_170' title='bbox 260 2261 324 2312; x_wconf 85' lang='lat' dir='ltr'>ritu,</span> <span class='ocrx_word' id='word_1_171' title='bbox 336 2257 461 2322; x_wconf 81' lang='lat' dir='ltr'>flagrantes</span> <span class='ocrx_word' id='word_1_172' title='bbox 472 2259 557 2307; x_wconf 86' lang='lat' dir='ltr'>circuit</span> <span class='ocrx_word' id='word_1_173' title='bbox 566 2274 633 2314; x_wconf 72' lang='lat' dir='ltr'>crass</span> 
     </span>
    </p>

    <p class='ocr_par' dir='ltr' id='par_1_16' title="bbox 80 2332 641 2402">
     <span class='ocr_line' id='line_1_27' title="bbox 80 2332 641 2402; baseline -0.004 -14"><span class='ocrx_word' id='word_1_174' title='bbox 80 2335 268 2402; x_wconf 77' lang='lat' dir='ltr'>Multifidasque</span> <span class='ocrx_word' id='word_1_175' title='bbox 281 2335 343 2384; x_wconf 81' lang='lat' dir='ltr'>feces</span> <span class='ocrx_word' id='word_1_176' title='bbox 353 2339 378 2384; x_wconf 88' lang='lat' dir='ltr'>in</span> <span class='ocrx_word' id='word_1_177' title='bbox 390 2332 450 2384; x_wconf 72' lang='lat' dir='ltr'>solla</span> <span class='ocrx_word' id='word_1_178' title='bbox 461 2337 579 2400; x_wconf 76' lang='lat' dir='ltr'>sanguinis</span> <span class='ocrx_word' id='word_1_179' title='bbox 589 2334 641 2386; x_wconf 72' lang='lat' dir='ltr'>atri</span> 
     </span>
    </p>

    <p class='ocr_par' dir='ltr' id='par_1_17' title="bbox 81 2412 852 2634">
     <span class='ocr_line' id='line_1_28' title="bbox 81 2412 852 2481; baseline -0.009 -15"><span class='ocrx_word' id='word_1_180' title='bbox 81 2417 186 2481; x_wconf 77' lang='lat' dir='ltr'>Tingit,</span> <span class='ocrx_word' id='word_1_181' title='bbox 199 2419 224 2464; x_wconf 80' lang='lat' dir='ltr'>iic</span> <span class='ocrx_word' id='word_1_182' title='bbox 236 2415 345 2463; x_wconf 72' lang='lat' dir='ltr'>intinsias</span> <span class='ocrx_word' id='word_1_183' title='bbox 356 2416 456 2477; x_wconf 83' lang='lat' dir='ltr'>geminis</span> <span class='ocrx_word' id='word_1_184' title='bbox 467 2412 576 2462; x_wconf 80' lang='lat' dir='ltr'>accendit</span> <span class='ocrx_word' id='word_1_185' title='bbox 586 2416 611 2460; x_wconf 87' lang='lat' dir='ltr'>in</span> <span class='ocrx_word' id='word_1_186' title='bbox 622 2415 666 2460; x_wconf 80' lang='lat' dir='ltr'>aris</span> <span class='ocrx_word' id='word_1_187' title='bbox 678 2429 684 2460; x_wconf 83' lang='lat' dir='ltr'>s</span> <span class='ocrx_word' id='word_1_188' title='bbox 806 2415 852 2454; x_wconf 83' lang='lat'>²60</span> 
     </span>
     <span class='ocr_line' id='line_1_29' title="bbox 81 2483 779 2560; baseline -0.006 -16"><span class='ocrx_word' id='word_1_189' title='bbox 81 2483 180 2560; x_wconf 75' lang='lat' dir='ltr'>Terque</span> <span class='ocrx_word' id='word_1_190' title='bbox 191 2495 272 2542; x_wconf 86' lang='lat' dir='ltr'>senem</span> <span class='ocrx_word' id='word_1_191' title='bbox 283 2490 398 2550; x_wconf 68' lang='lat' dir='ltr'>flammi,</span> <span class='ocrx_word' id='word_1_192' title='bbox 411 2506 446 2540; x_wconf 86' lang='lat' dir='ltr'>ter</span> <span class='ocrx_word' id='word_1_193' title='bbox 454 2491 516 2556; x_wconf 75' lang='lat' dir='ltr'>aqui</span> <span class='ocrx_word' id='word_1_194' title='bbox 523 2525 531 2550; x_wconf 88' lang='lat'><strong><em>,</em></strong></span> <span class='ocrx_word' id='word_1_195' title='bbox 544 2507 580 2540; x_wconf 88' lang='lat' dir='ltr'>ter</span> <span class='ocrx_word' id='word_1_196' title='bbox 590 2489 678 2538; x_wconf 84' lang='lat' dir='ltr'>sulfure</span> <span class='ocrx_word' id='word_1_197' title='bbox 689 2488 779 2542; x_wconf 79' lang='lat' dir='ltr'>lustrat.</span> 
     </span>
     <span class='ocr_line' id='line_1_30' title="bbox 81 2567 623 2634; baseline -0.007 -12"><span class='ocrx_word' id='word_1_198' title='bbox 81 2571 178 2622; x_wconf 82' lang='lat' dir='ltr'>interea</span> <span class='ocrx_word' id='word_1_199' title='bbox 190 2567 299 2622; x_wconf 81' lang='lat' dir='ltr'>validum</span> <span class='ocrx_word' id='word_1_200' title='bbox 310 2572 389 2634; x_wconf 88' lang='lat' dir='ltr'>posito</span> <span class='ocrx_word' id='word_1_201' title='bbox 401 2567 550 2619; x_wconf 83' lang='lat' dir='ltr'>medicamen</span> <span class='ocrx_word' id='word_1_202' title='bbox 564 2575 623 2620; x_wconf 83' lang='lat' dir='ltr'>a&#39;e&#39;no</span> 
     </span>
    </p>

    <p class='ocr_par' dir='ltr' id='par_1_18' title="bbox 81 2647 745 2713">
     <span class='ocr_line' id='line_1_31' title="bbox 81 2647 745 2713; baseline -0.002 -16"><span class='ocrx_word' id='word_1_203' title='bbox 81 2649 186 2706; x_wconf 83' lang='lat' dir='ltr'>Fervet,</span> <span class='ocrx_word' id='word_1_204' title='bbox 200 2651 225 2698; x_wconf 76' lang='grc' dir='ltr'>δι</span> <span class='ocrx_word' id='word_1_205' title='bbox 236 2647 353 2705; x_wconf 71' lang='lat' dir='ltr'>exsulents</span> <span class='ocrx_word' id='word_1_206' title='bbox 364 2648 500 2713; x_wconf 77' lang='lat' dir='ltr'>spumisque</span> <span class='ocrx_word' id='word_1_207' title='bbox 511 2649 657 2698; x_wconf 79' lang='lat' dir='ltr'>tumentibus</span> <span class='ocrx_word' id='word_1_208' title='bbox 671 2647 745 2698; x_wconf 81' lang='lat' dir='ltr'>albet.</span> 
     </span>
    </p>

    <p class='ocr_par' dir='ltr' id='par_1_19' title="bbox 79 2723 575 2781">
     <span class='ocr_line' id='line_1_32' title="bbox 79 2723 575 2781; baseline -0.004 -5"><span class='ocrx_word' id='word_1_209' title='bbox 79 2727 136 2776; x_wconf 91' lang='lat' dir='ltr'>Illic</span> <span class='ocrx_word' id='word_1_210' title='bbox 150 2725 278 2776; x_wconf 74' lang='lat' dir='ltr'>Haemonii</span> <span class='ocrx_word' id='word_1_211' title='bbox 288 2723 377 2774; x_wconf 83' lang='lat' dir='ltr'>radices</span> <span class='ocrx_word' id='word_1_212' title='bbox 389 2725 452 2775; x_wconf 83' lang='lat' dir='ltr'>valle</span> <span class='ocrx_word' id='word_1_213' title='bbox 463 2727 575 2781; x_wconf 79' lang='lat' dir='ltr'>resesias,</span> 
     </span>
    </p>

    <p class='ocr_par' dir='ltr' id='par_1_20' title="bbox 79 2797 847 2948">
     <span class='ocr_line' id='line_1_33' title="bbox 81 2797 847 2870; baseline 0.001 -15"><span class='ocrx_word' id='word_1_214' title='bbox 81 2807 247 2870; x_wconf 80' lang='lat' dir='ltr'>Seminaque,</span> <span class='ocrx_word' id='word_1_215' title='bbox 260 2797 376 2869; x_wconf 85' lang='lat' dir='ltr'>floresque</span> <span class='ocrx_word' id='word_1_216' title='bbox 388 2835 395 2862; x_wconf 88' lang='lat'><strong>‚</strong></span> <span class='ocrx_word' id='word_1_217' title='bbox 406 2807 430 2852; x_wconf 74' lang='lat' dir='ltr'>et</span> <span class='ocrx_word' id='word_1_218' title='bbox 443 2805 524 2852; x_wconf 90' lang='lat' dir='ltr'>succos</span> <span class='ocrx_word' id='word_1_219' title='bbox 536 2804 647 2868; x_wconf 86' lang='lat' dir='ltr'>incoquit</span> <span class='ocrx_word' id='word_1_220' title='bbox 657 2818 729 2854; x_wconf 80' lang='lat' dir='ltr'>ecres-</span> <span class='ocrx_word' id='word_1_221' title='bbox 803 2819 847 2870; x_wconf 81' lang='lat'>265</span> 
     </span>
     <span class='ocr_line' id='line_1_34' title="bbox 79 2878 621 2948; baseline -0.009 -15"><span class='ocrx_word' id='word_1_222' title='bbox 79 2882 175 2948; x_wconf 79' lang='lat' dir='ltr'>Adjicit</span> <span class='ocrx_word' id='word_1_223' title='bbox 186 2897 295 2932; x_wconf 87' lang='lat' dir='ltr'>extremo</span> <span class='ocrx_word' id='word_1_224' title='bbox 306 2878 394 2944; x_wconf 78' lang='lat' dir='ltr'>lapides</span> <span class='ocrx_word' id='word_1_225' title='bbox 405 2881 503 2930; x_wconf 90' lang='lat' dir='ltr'>Oriente</span> <span class='ocrx_word' id='word_1_226' title='bbox 514 2884 600 2946; x_wconf 91' lang='lat' dir='ltr'>petitos</span> <span class='ocrx_word' id='word_1_227' title='bbox 613 2915 621 2940; x_wconf 92' lang='lat'>,</span> 
     </span>
    </p>
   </div>
   <div class='ocr_carea' id='block_1_3' title="bbox 78 2956 694 3102">
    <p class='ocr_par' dir='ltr' id='par_1_21' title="bbox 78 2956 694 3102">
     <span class='ocr_line' id='line_1_35' title="bbox 78 2956 688 3029; baseline -0.01 -15"><span class='ocrx_word' id='word_1_228' title='bbox 78 2959 129 3018; x_wconf 79' lang='lat' dir='ltr'>Et,</span> <span class='ocrx_word' id='word_1_229' title='bbox 141 2976 200 3029; x_wconf 82' lang='lat' dir='ltr'>quas</span> <span class='ocrx_word' id='word_1_230' title='bbox 212 2959 303 3020; x_wconf 75' lang='lat' dir='ltr'>Oceeni</span> <span class='ocrx_word' id='word_1_231' title='bbox 313 2956 415 3010; x_wconf 83' lang='lat' dir='ltr'>refluum</span> <span class='ocrx_word' id='word_1_232' title='bbox 426 2957 562 3012; x_wconf 75' lang='lat' dir='ltr'>masclatis</span> <span class='ocrx_word' id='word_1_233' title='bbox 573 2992 582 3021; x_wconf 89' lang='lat'><strong><em>,</em></strong></span> <span class='ocrx_word' id='word_1_234' title='bbox 596 2975 688 3008; x_wconf 75' lang='lat' dir='ltr'>arenas.</span> 
     </span>
     <span class='ocr_line' id='line_1_36' title="bbox 628 3038 694 3102; baseline -0.015 -15"><span class='ocrx_word' id='word_1_235' title='bbox 628 3038 650 3087; x_wconf 89' lang='lat' dir='ltr'>G</span> <span class='ocrx_word' id='word_1_236' title='bbox 668 3039 694 3102; x_wconf 85' lang='lat' dir='ltr'>iij</span> 
     </span>
    </p>
   </div>
   <div class='ocr_carea' id='block_1_4' title="bbox 0 0 1044 3708">
    <p class='ocr_par' dir='ltr' id='par_1_22' title="bbox 0 0 1044 3708">
     <span class='ocr_line' id='line_1_37' title="bbox 0 0 1044 3708; baseline 0 4"><span class='ocrx_word' id='word_1_237' title='bbox 0 0 1044 3708; x_wconf 95' lang='lat' dir='ltr'> </span> 
     </span>
    </p>
   </div>
  </div>
 </body>
</html>
