1980 3714
239 255 305 320 288
382 249 427 319 P.
451 249 606 318 Orruit
620 249 822 317 Nasortrr

235 372 362 440 Virgineus
373 371 467 421 habitus
480 406 488 431 ,
500 369 554 420 etlm
563 385 672 436 parmam
681 371 822 436 hastamque
828 369 919 429 tenenti,

235 453 299 504 Nate
317 451 370 502 Det
381 488 390 512 ‚
407 450 456 502 dixi
466 471 473 510 3
486 453 530 502 tibi
539 453 563 500 se
573 453 676 518 peritura
687 453 810 500 reservant

234 529 358 594 Pergama.
370 527 436 590 Quid
444 525 537 579 dubitas
545 532 669 594 ingentem
681 537 788 578 evertere
800 527 908 593 Troiani

188 607 356 680 tyolnjecique
371 618 484 661 manum,
503 606 639 672 sortemque
651 605 682 655 ad
696 607 772 656 sortia
782 608 846 654 misi.

232 685 297 749 Ergo
312 701 384 750 opera
392 683 456 733 iliius
467 699 520 732 mea
530 685 584 732 sunt
595 701 601 730 ι
614 699 658 748 ego
673 682 805 747 Telephon
815 681 876 731 hasti

232 760 381 826 Pngnanrem
392 759 475 810 domui
489 763 591 810 :vidium
600 773 761 824 orantemque
775 760 858 809 refeci.

231 835 306 906 Quod
316 837 404 885 Theba
415 833 533 893 cecidere,
546 849 627 882 meum
638 836 671 883 est
683 833 837 884 :meeredite
848 835 929 893 Labor,

230 913 272 962 Me
279 913 563 980 Tenedon3Chryseuque
570 949 579 974 ‚
587 919 611 964 dt
621 914 725 978 Cyllara,
735 915 859 981 Apollinis
871 915 930 972 urbes,

182 990 261 1058 175Et
277 994 353 1054 Syron
364 989 466 1058 cepisse:
479 993 533 1042 med
542 991 654 1042 concussa
665 1009 750 1058 putate

229 1067 382 1120 procubuisse
393 1071 445 1120 solo
456 1071 567 1134 Lyrnesia
577 1075 669 1121 monia
678 1070 774 1122 dextra.

227 1147 309 1215 thue
319 1149 376 1199 alias
386 1165 478 1198 taceam
489 1166 496 1208 3
509 1153 551 1214 qui
562 1151 650 1199 saevum
662 1149 761 1214 perdere
772 1148 853 1218 posset

225 1225 344 1286 Heslora,
364 1239 449 1292 nempe
460 1226 514 1276 dedi
524 1243 581 1292 :pet
591 1243 630 1276 me
639 1233 701 1294 iacet
712 1227 823 1290 inclytus
834 1228 917 1278 Hester.

225 1302 276 1352 illis
294 1306 344 1353 hec
361 1307 449 1366 armis,
461 1306 546 1370 quibus
558 1306 590 1354 eil
600 1309 710 1354 inventus
722 1307 850 1366 Achilles,

178 1381 297 1445 tlodrma
313 1397 384 1446 pero:
394 1385 451 1432 vivo
462 1379 588 1442 dederam,
607 1383 659 1446 post
668 1382 718 1431 fata
729 1386 842 1447 reposco.

257 1459 292 1506 Ut
303 1457 374 1508 dolor
392 1461 461 1507 unius
474 1457 570 1508 Danaos
581 1458 730 1524 pervenitad
740 1477 847 1521 omnes,

223 1533 358 1600 Aulidaque
374 1535 509 1584 Euboicam
524 1537 675 1602 complerunt
689 1537 760 1586 mille
775 1543 879 1600 carinat3

222 1611 359 1676 Exsprsiata
377 1611 436 1673 diu,
452 1613 537 1674 nulla,
553 1629 594 1663 aur
604 1619 722 1664 contraria
734 1616 807 1668 classi
820 1651 829 1678 ,

117 1715 123 1720 -
221 1691 328 1740 Flamina
344 1693 417 1740 sunta
430 1689 542 1758 dureque
555 1694 639 1758 jubeat
653 1696 839 1760 Agamemnona
852 1701 915 1750 sortes

174 1767 368 1838 rl5lnrmeritam
386 1771 452 1820 savar
463 1785 544 1820 natam
556 1775 656 1820 maslare
669 1773 764 1823 Dianae.

219 1848 329 1913 Denegat
348 1851 395 1897 hoc
404 1853 520 1915 genitor,
535 1848 650 1916 Ditisque
664 1853 775 1901 irascitur
784 1855 858 1918 ipsis:

218 1927 296 1992 Atque
307 1929 331 1975 in
348 1941 401 1992 rege
412 1943 491 1976 tamen
505 1943 571 1998 pater
581 1927 622 1976 est.
636 1928 686 1992 Ego
698 1932 758 1978 mite
770 1935 873 1994 parentis

217 2004 343 2068 ingenium
354 2007 432 2054 verbis
442 2003 471 2053 ad
482 2005 578 2069 publica
588 2005 718 2056 commoda
733 2013 805 2058 verti.

217 2081 288 2132 Nunc
305 2081 419 2151 equidem
429 2082 519 2140 fateor,
532 2079 640 2149 fassoque
650 2085 760 2148 ignoscat
771 2085 866 2137 nando
877 2106 885 2148 3

95 2211 97 2215 ¹
166 2160 348 2232 „oslifficilem
359 2161 478 2210 tenui'sub
496 2163 579 2226 iniquo
591 2161 670 2226 judice
681 2165 786 2214 causam.

214 2237 285 2287 Hunc
302 2253 381 2286 tamen
393 2237 483 2286 utilitas
490 2239 574 2304 populi
583 2239 724 2306 fratrisque,
736 2240 837 2310 datique

213 2317 312 2366 Summa
320 2331 402 2367 movet
411 2317 507 2380 sceptri3
515 2315 609 2366 laudem
619 2333 706 2367 utcum
717 2323 832 2386 sanguine
842 2325 923 2388 penset.

212 2395 336 2446 Mittor&
349 2394 380 2444 ad
389 2409 507 2452 marrem3
520 2412 572 2462 que
581 2412 632 2446 non
641 2398 758 2448 hortanda
771 2435 780 2462 ,
793 2401 835 2451 sed
842 2402 891 2452 astu

211 2471 358 2536 Decipienda
373 2472 433 2520 suit:
443 2489 491 2538 quo
500 2475 519 2520 si
531 2473 685 2524 Telamonius
693 2473 761 2540 isset,-

165 2552 276 2606 1950rba
287 2553 333 2599 suis
345 2547 418 2598 essent
428 2554 561 2600 etiamnum
572 2553 645 2602 lintea
653 2558 740 2604 ventis.

209 2632 298 2680 Mittor
312 2633 337 2677 dt
349 2627 431 2675 lliacaa
442 2626 518 2676 audax
529 2644 610 2678 orator
621 2630 651 2680 ad
660 2649 741 2688 arcer,

208 2705 312 2773 Visaque
325 2709 349 2754 δι
364 2707 452 2754 intrata
462 2705 495 2752 est
505 2705 558 2754 astae
568 2710 627 2756 mihi
638 2713 702 2761 curia
714 2712 812 2778 Trojaee

207 2787 328 2850 Plenaque
338 2781 416 2832 adhuc
427 2797 477 2831 erat
488 2782 602 2832 illaviria.
616 2786 738 2838 Interritus
749 2797 789 2856 egi
799 2827 807 2852 ,

206 2861 286 2924 Quam
296 2857 356 2910 mihi
370 2858 496 2910 manddrat
505 2867 640 2912 communis
655 2866 763 2928 Gracia,
776 2873 873 2922 causam
884 2886 893 2930 3

158 2943 344 3006 aeoiccusoque
356 2939 426 2988 Parin
436 2955 443 2988 a
455 2937 608 3008 preda-mque
617 2941 783 3013 Helenamque
794 2953 893 3015 reposco
903 2965 911 3008 3

889 3028 918 3081 Et
