2036 3714
109 285 539 362 MnTArturtrrrornou
557 283 596 360 L
613 289 677 359 XI.
707 306 773 379 ²45

51 404 161 471 Tmolus
175 413 201 461 in
212 413 307 462 ascensu
316 429 322 461 t
331 411 443 479 clivoque
453 425 562 462 extentus
571 425 689 478 utroque,

52 485 171 538 Sardibus
186 493 259 550 hinc,
275 489 343 539 illinc
361 493 438 555 parvis
449 487 532 538 finitur
544 489 666 554 Hypaepit.

51 565 105 614 Pan
119 564 224 616 ibidum
238 570 323 616 teneris
334 569 404 634 jadiat
414 569 454 616 ilua
467 569 574 615 carmina
586 566 723 632 Nymphis,

50 641 84 691 Et
95 643 150 694 leve
160 643 239 693 cerari
249 643 388 694 modulatur
399 641 513 692 arundine
526 657 641 702 emmena

49 721 130 769 Ausus
145 721 286 790 Apollineos
296 735 343 786 pra
353 721 377 769 se
388 733 541 770 contemnere
551 734 653 779 tantus,
680 759 683 766 .
779 727 823 776 ¹55

49 795 63 844 J
66 795 138 846 udice
149 799 193 846 sub
200 797 308 851 Tmolo.
320 811 440 847 certarnen
450 799 517 848 uenit
526 794 558 846 ad
569 800 657 862 impar.

50 874 143 924 Monte
153 876 198 923 suo
208 877 287 924 senior
299 871 371 940 judex
384 871 515 927 consedit.·
525 877 550 923 dc
560 889 628 924 turer

48 952 151 1001 Liberat
168 953 305 1001 arboribus:
316 965 404 1016 quercu
415 966 486 999 coma
497 950 583 1000 carrula
594 949 689 1002 rantdm

48 1025 186 1090 Cingitur3
200 1029 225 1074 bc
237 1022 343 1090 pendent
354 1027 446 1074 circum
460 1041 517 1075 cava
529 1040 636 1090 tempora
648 1023 756 1092 glandes.

48 1103 122 1167 isque
135 1101 215 1150 Deum
223 1103 315 1165 petorit
326 1102 429 1165 spetiano
439 1133 447 1159 ,
459 1099 591 1165 injudicio,
604 1099 666 1150 dixit
778 1107 823 1142 160

48 1178 130 1228 Nulla
147 1193 217 1226 mora
226 1176 267 1225 est.
281 1175 388 1226 Calamis
399 1177 525 1241 agrestibus
536 1179 632 1228 insonat
642 1177 703 1238 illet

47 1255 229 1320 Barbaritoque
240 1250 343 1313 Midan,
355 1251 436 1302 aderat
446 1269 504 1302 nam
514 1253 578 1304 forte
589 1258 704 1316 canenti,

47 1329 169 1381 Carmine
180 1328 275 1379 delinit.
290 1329 345 1378 Post
354 1329 419 1378 hunc
434 1330 498 1377 sacer
512 1345 555 1379 ora
564 1333 662 1390 retorsit

48 1409 157 1460 Tmolus
172 1407 204 1458 ad
211 1426 241 1458 os
251 1409 335 1458 thbi
347 1406 457 1458 tvultum
467 1409 509 1458 sua
521 1407 581 1458 riiva
590 1411 672 1460 secuta
682 1409 724 1460 est.

48 1489 114 1548 ille,
127 1502 201 1553 capnt-
212 1485 303 1536 flavum
313 1486 381 1536 lauro
393 1485 518 1536 Parnaside
532 1491 641 1546 alodus,
776 1498 818 1549 rot

47 1569 133 1616 Vertit
146 1569 249 1616 humum
263 1566 338 1628 Tyrio
350 1564 453 1615 saturati
460 1567 553 1616 mittite
560 1566 640 1632 pallait

46 1645 239 1710 instrustamque
257 1641 330 1692 fidem
346 1646 447 1708 gemmis
459 1647 484 1693 bt
502 1642 613 1694 dentibus
625 1645 690 1696 indis

46 1723 155 1773 Sustinet
172 1721 256 1771 aleva
267 1739 274 1770 t
286 1725 363 1771 tenuit
372 1737 457 1772 manue
467 1721 541 1772 altera
554 1723 680 1788 pietlrum.

44 1797 156 1851 Artificis
166 1799 237 1848 statur
245 1801 293 1864 ipse
308 1799 362 1848 fuir.
375 1799 439 1850 Tum
450 1799 548 1851 stamina
558 1795 631 1850 douo

45 1879 144 1928 Pollice
155 1877 276 1926 solicitata
290 1891 394 1942 quorum
405 1873 533 1925 dulcedine
543 1892 626 1941 captus
775 1899 820 1940 170

45 1956 115 2005 Pana
132 1955 200 2020 jubet
214 1954 317 2004 Tmolus
333 1956 430 2003 citharae
441 1954 580 2004 submittere
594 1967 689 2006 monae.

44 2033 173 2083 iudicium
190 2034 309 2097 santlique
326 2030 404 2097 placet
421 2032 538 2082 sententia
551 2035 642 2082 montis

44 2111 188 2159 Omnibus:
202 2111 309 2174 arguitur
320 2124 416 2169 tamen,
430 2123 501 2175 arque
516 2110 602 2174 injusta
612 2125 713 2162 vocatur

44 2190 128 2238 Unius
140 2189 248 2247 sermone
258 2185 341 2236 Mida.
355 2187 407 2236 Nec
417 2187 501 2236 Delius
509 2204 577 2238 autes

44 2268 188 2318 Humanam
200 2263 296 2314 stolidas
306 2267 395 2330 patirur
403 2265 503 2316 retinere
513 2264 631 2331 figuramt
773 2285 815 2331 ¹75

43 2343 95 2395 Sed
108 2347 183 2394 rrahlr
194 2347 220 2392 in
230 2345 350 2407 spatium,
364 2343 475 2409 villisque
485 2343 620 2397 albentibus
635 2344 739 2409 impleri

43 2421 280 2487 lnstabilerqueirno
297 2420 368 2480 facit,
383 2425 407 2470 dt
419 2420 460 2472 dat
470 2419 535 2487 polle
546 2425 647 2472 moveri.

43 2499 138 2551 Cetera
148 2501 204 2547 sunt
214 2501 332 2548 hominist
341 2514 432 2563 partem
444 2497 570 2550 damnatur
581 2503 607 2550 in
619 2516 707 2562 unam,

42 2575 206 2642 induiturque
216 2591 283 2626 aures
293 2574 356 2625 ltntd
366 2575 494 2641 gradientis
503 2577 578 2628 aselli.

78 2653 125 2702 llle
135 2651 235 2719 quidem
251 2652 312 2704 colar
321 2688 330 2709 ,
340 2657 449 2720 turpique
459 2671 556 2706 onerata
566 2655 658 2722 pudore
771 2654 815 2702 ¹80
875 2693 877 2698 -

43 2733 171 2796 Tempora
181 2734 304 2795 purpureis
316 2747 391 2782 tentat
401 2732 479 2783 velare
491 2737 565 2784 tiaris.
604 2761 606 2768 ·

41 2809 93 2861 Sed
104 2809 189 2858 solitus
198 2809 283 2873 longor
294 2809 357 2859 ferro
367 2813 469 2862 resecare
478 2811 577 2876 capillor

41 2885 147 2936 Viderat
165 2889 212 2934 hoc
224 2886 328 2936 famulus
340 2906 346 2935 t
358 2890 417 2952 qni,
429 2888 484 2937 crim
496 2905 539 2938 nec
552 2886 651 2953 prodere
661 2893 740 2942 ristun

42 2963 159 3017 Dedecus
174 2963 287 3026 auderet,
299 2967 395 3031 cupient
407 2964 490 3018 efferre
501 2968 544 3018 sub
556 2984 638 3026 turus,

594 3046 649 3115 Luj
756 3015 762 3022 ⁸
