1980 3714
104 216 534 282 Msramonsitosnost
550 212 685 282 LXV.
708 234 773 303 353

47 333 108 383 Nee
122 369 131 394 ‚
151 337 197 383 nisi
213 334 344 399 Apollinea
362 333 444 384 valido
456 332 615 384 medicamine
626 333 719 398 prolis,

47 411 164 463 Reddita
173 416 223 462 vita
235 413 306 462 foret.
318 413 399 474 Quam
415 413 467 478 post
482 411 557 478 quim
568 412 669 468 fortibus
679 412 777 472 herbis,

48 490 137 555 Atque
149 508 195 556 ope
209 489 320 550 Paeonii,
335 487 384 540 dite
394 489 551 556 indignante,
563 493 641 556 recepi
653 507 662 548 3
777 491 788 537 5
795 492 823 539 Ξῖ

48 567 122 616 Tum
138 570 200 616 mihi
212 603 219 628 ,
231 585 260 616 ne
271 569 371 633 presens
382 585 493 634 augerem
506 571 610 618 muneris
623 569 696 634 hujus

46 643 192 700 Invidiam,
205 643 287 696 densas
301 648 392 711 obJecit
399 646 506 709 Cynthia
517 643 600 694 nubes.
688 677 698 691 ,

46 722 138 788 thue
150 722 228 772 forem
239 737 322 782 tutus,
332 721 470 790 possemque
481 727 579 788 impune
588 720 685 785 videti,

48 799 160 850 Addidit
173 815 285 850 etatem:
297 817 341 850 nec
352 799 518 865 cognoscenda
529 801 627 868 reliquit

48 879 103 926 Ora
121 880 192 927 mihi.
207 876 344 944 Cretenque
354 877 397 928 diu
408 877 527 930 dubitavit
537 877 674 930 habendam
773 885 822 934 540

47 954 192 1016 Traderet,
210 971 237 1005 at
254 956 344 1016 Delon.
352 955 418 1005 Delo
425 955 545 1023 Cretdque
556 957 663 1018 relius,

48 1032 101 1084 Hic
119 1036 218 1098 posuit:
231 1049 366 1100 nomenque
383 1034 469 1095 simul,
481 1033 548 1100 quod
561 1039 638 1100 possit
655 1049 772 1102 equorum

49 1109 232 1172 Admonuiffe,
248 1113 315 1177 jubet
330 1111 467 1178 deponere:
481 1113 577 1179 Quique
593 1112 657 1162 fuisti

48 1190 219 1256 Hippolytus,
235 1190 312 1252 dixit,
324 1209 387 1242 nunc
397 1193 463 1242 idem
474 1193 571 1242 Virbius
582 1192 640 1241 esto.

48 1269 107 1318 Hoc
118 1287 202 1319 nemus
212 1267 269 1320 inde
284 1271 340 1320 calo
353 1290 359 1320 e
372 1267 402 1320 de
412 1269 505 1336 Disque
521 1270 654 1320 minoribus
664 1285 741 1330 unus,
774 1270 821 1318 545

47 1349 161 1400 Numine
175 1349 218 1397 sub
235 1347 356 1404 domine,
371 1349 436 1399 lateo
446 1368 455 1398 a
466 1364 537 1414 atque
547 1349 672 1399 actenstot
681 1346 726 1396 illi.

84 1426 144 1476 Non
160 1442 240 1476 tamen
255 1428 347 1492 Egeria
356 1428 431 1476 lutlus
445 1427 521 1476 aliena
534 1427 611 1476 levare
680 1492 684 1499 Ι

50 1505 149 1554 Damna
162 1505 245 1556 valent
255 1525 261 1554 s
273 1509 412 1572 montisque
425 1509 503 1570 jacens
513 1502 631 1554 radicibus
641 1505 697 1553 ituit
708 1537 717 1564 ,

49 1583 162 1648 Liquitut
178 1585 203 1632 in
220 1583 354 1646 lacrymas:
367 1581 460 1642 donec,
478 1586 567 1648 pietate
579 1581 684 1635 dolentis

49 1659 121 1709 Mota
131 1695 139 1719 ‚
151 1661 217 1709 sotor
228 1661 312 1710 Phoebi
324 1660 431 1727 gelidum
442 1659 471 1710 de
479 1677 580 1726 corpote
591 1661 685 1712 fontem
769 1665 818 1708 550

42 1737 138 1799 ,tectu
156 1742 181 1790 ὃ(
196 1754 296 1790 eternas
311 1755 375 1796 attus
389 1742 495 1790 tenuavit
510 1743 537 1788 in
551 1737 637 1790 undas.

83 1895 116 1945 At
126 1897 250 1964 Nymphas
265 1901 344 1964 tetigit
355 1914 418 1948 nova
428 1913 481 1946 rese
493 1900 518 1946 dc
536 1895 660 1946 Amazone
672 1911 743 1947 tratur

49 1973 122 2024 Haud
134 1975 201 2025 aliter
216 1977 322 2040 stupuit,
339 1976 415 2040 qudm
425 1974 481 2034 ctlm
490 1975 627 2037 Tyrrhenus
639 1979 720 2022 anatot

49 2052 157 2102 Fatalem
171 2053 265 2118 glebam
280 2053 365 2102 mediis
377 2054 465 2116 aspexit
476 2055 501 2100 in
511 2054 571 2101 artis
584 2085 592 2110 ,

50 2134 139 2198 Sponte
150 2132 191 2182 sui
206 2132 310 2196 primum
323 2165 332 2190 ‚
350 2131 465 2196 nulloque
478 2133 601 2198 agitante,
618 2131 710 2178 moveri
723 2145 730 2185 3
767 2150 811 2196 555

49 2212 146 2259 Sumere
158 2225 215 2258 mox
227 2211 350 2264 hominis,
366 2223 482 2273 tetreque
496 2211 624 2268 amittere,
641 2207 762 2266 formam5

50 2289 146 2353 Oraque
154 2292 258 2337 venturis
275 2290 363 2351 aperite
374 2289 479 2334 recentia
492 2286 555 2336 fatis.

49 2365 167 2432 Indigenae
182 2363 260 2413 dixere
271 2366 367 2429 Tagen:
378 2367 420 2430 qui
431 2364 656 2429 primusEttul'cam
709 2431 710 2434 Ἴ

50 2443 153 2496 Edocuit
163 2458 257 2508 gentem
275 2443 339 2490 casus
351 2447 440 2506 aperite
452 2441 553 2490 futuros.

83 2522 144 2570 Utve
156 2521 267 2570 Palatinis
277 2522 407 2567 herentem
415 2520 517 2568 collibus
529 2520 589 2568 olim
601 2555 611 2579 ,
763 2530 814 2583 5⁶⁰

51 2599 115 2649 Ctim
127 2598 204 2647 subitd
217 2595 279 2646 vidit
290 2594 566 2646 frondescereltomulus
578 2598 687 2657 hastame

52 2678 110 2737 Qua
124 2674 201 2724 radice
212 2675 275 2724 nord
286 2709 294 2734 ‚
305 2689 355 2724 non
373 2674 436 2724 serto
446 2675 520 2724 stabat
531 2673 631 2732 adad03

52 2755 83 2808 Et
99 2757 146 2820 iam
157 2770 206 2802 non
218 2752 293 2802 telum
306 2787 314 2812 ,
332 2750 371 2800 sed
383 2751 441 2800 lenti
451 2753 548 2798 viminis
560 2751 629 2798 arbor
641 2783 651 2811 ‚

51 2834 107 2891 Nou
116 2833 254 2906 exspedatas
265 2829 340 2886 dabat
348 2827 520 2882 admirantibus
531 2829 638 2882 umbras.
