2036 3714
143 317 572 386 Mstnnonrrrostun
592 301 707 386 trs.
735 331 800 403 203

46 487 52 516 1
83 438 169 500 Quam
183 441 246 488 mihi
258 436 382 489 difficilem
393 438 492 488 lunonis
503 441 579 504 gratia
591 437 658 487 fecit.

82 517 201 584 Namque
218 517 339 566 laboriferi
350 516 405 566 etim
416 521 465 583 iam
475 517 560 568 natalis
571 513 661 568 adeffet
808 514 850 574 285

81 597 198 646 Herculis
211 631 219 658 ,
233 601 258 646 dt
275 594 395 646 decimum
404 611 551 661 premeretur
562 593 637 646 sidere
648 597 756 661 signum:

81 674 214 726 Tendebat
233 677 336 740 gravitas
346 690 442 725 uterum
454 676 530 723 mihi:
543 673 656 741 quodque
668 674 789 728 ferebam.

81 755 196 804 Tantum
207 769 275 814 erat,
294 767 321 802 ut
331 750 409 820 polles
421 756 542 803 sudorem
557 751 636 803 dicere
647 753 702 802 tedii

80 831 202 883 Ponderis
216 829 263 882 effe
274 833 369 883 lovem.
386 830 438 882 Nec
453 836 503 899 Jam
518 831 618 882 tolerare
630 831 723 882 labores

79 911 194 960 Ulterius
207 927 317 978 poteram
330 930 336 960 s
348 913 406 977 quin
417 927 480 961 nuuc
488 928 585 978 quoque
596 909 697 976 frigidus
707 925 788 970 attus,
808 932 855 972 ιρι

80 989 153 1038 Dum
161 989 260 1055 loquor,
271 991 356 1039 hortor
367 990 448 1049 habet,
460 1007 559 1057 parsque
566 990 598 1040 eli
604 987 739 1040 meminisse
752 987 853 1039 doloris.

80 1069 184 1132 Septem
194 1084 239 1134 ego
250 1085 291 1134 per
301 1071 395 1128 nostes,
409 1067 513 1120 totidem
523 1073 627 1120 cruciata
640 1068 724 1119 diebus
734 1105 742 1128 ,

80 1143 153 1196 Feffa
161 1147 245 1202 malis,
256 1145 402 1214 tendensque
414 1146 445 1198 ad
453 1148 543 1198 coelum
553 1149 666 1208 brachia,
683 1163 772 1212 magno

78 1224 220 1286 Lucinam,
231 1225 355 1292 Nixosque
366 1243 432 1292 pares
442 1261 451 1287 ,
463 1225 569 1278 clamore
580 1228 707 1277 vocabant.

78 1301 129 1353 Illa
145 1301 245 1369 quidem
258 1302 338 1364 vinit,
357 1303 398 1354 sed
407 1319 583 1371 ptaecotrupta,
594 1317 726 1372 meumque
809 1313 852 1362 295

80 1381 145 1442 Qut
156 1380 247 1432 donate
257 1399 329 1449 caput
338 1382 427 1432 Junoni
437 1383 511 1433 vellet
520 1385 618 1450 iniquae.

79 1460 169 1527 thue
187 1477 253 1511 meos
267 1460 335 1513 audit
345 1464 465 1527 gemitus,
478 1461 582 1512 subsedit
592 1464 617 1511 in
628 1459 671 1512 ills

79 1539 147 1589 Ante
159 1539 222 1589 fores
232 1539 272 1590 ari
286 1557 293 1589 t
309 1538 464 1607 dextroquea
479 1539 573 1608 poplite
587 1541 675 1593 laevum

79 1615 165 1668 Preffa
176 1635 256 1684 genu,
274 1618 354 1685 digitis
362 1620 457 1670 ¹incesse
468 1622 560 1686 pectine
571 1621 674 1686 justiis,

81 1698 200 1748 Sustinuit
215 1701 291 1748 nixus.
304 1698 390 1748 Taciti
400 1712 496 1766 quoque
507 1702 613 1750 carmina
622 1715 683 1750 voce
810 1701 855 1748 i0⁰

81 1775 156 1826 Dixit
168 1795 174 1825 s
189 1780 214 1826 bt
231 1779 338 1842 inceptos
348 1793 474 1828 tenuerunt
485 1783 591 1828 carmina
601 1793 690 1844 partus.

81 1853 160 1907 Nitor
172 1890 182 1914 ,
200 1858 330 1922 &ingrato
345 1857 408 1907 facio
420 1861 529 1908 convicia
543 1856 641 1907 demens

81 1935 155 1984 Vana
166 1934 236 1985 Iovi:
248 1939 368 2002 cupioque
379 1940 459 1996 moti,
476 1951 618 1999 moturaque
631 1929 702 1982 duras

81 2012 167 2063 Verba
179 2029 265 2079 queror
279 2013 365 2062 silices.
382 2013 472 2062 Matres
484 2008 630 2061 Cadmeides
642 2008 741 2068 adsunt,

81 2090 199 2156 Votaque
210 2091 356 2156 suscipiunt,
371 2092 573 2154 exhortanturque
592 2085 724 2136 dolentem.
811 2091 853 2137 305

117 2167 176 2218 Una
190 2167 367 2224 ministrarum,
385 2166 467 2218 medii
481 2166 513 2217 de
525 2167 607 2233 plebe,
624 2164 765 2219 Galanthis,

82 2246 160 2297 flava
175 2262 257 2295 comas
269 2281 277 2303 ‚
288 2243 386 2304 aderat,
397 2243 512 2316 faciendis
523 2244 615 2294 strenua
625 2246 693 2310 jussis
700 2261 709 2303 3

82 2322 180 2388 Officiis
198 2322 284 2374 diledia
296 2325 349 2372 suis.
365 2322 398 2372 Ea
409 2325 481 2372 sensit
490 2324 573 2390 iniqui

83 2403 177 2456 Nescio
194 2401 255 2470 quid
267 2403 359 2452 Junone
369 2405 432 2468 geri:
443 2401 549 2468 dumque
562 2403 610 2451 exit
622 2433 631 2460 ‚
643 2401 749 2451 &intrat

82 2483 153 2547 Saepe
169 2481 231 2532 fores
244 2499 252 2540 3
271 2481 359 2530 Divam
370 2479 513 2530 residentem
524 2478 586 2530 vidit
595 2483 619 2529 in
632 2498 670 2530 ara
683 2516 691 2541 ‚
811 2484 857 2528 3¹0

82 2561 235 2627 Brachiaque
251 2563 275 2609 in
290 2561 388 2624 genibus
404 2552 485 2624 digitis
498 2575 604 2608 connexa
616 2574 751 2615 tenentem3

84 2637 132 2693 Et,
153 2638 319 2704 Quaecumque
330 2655 370 2697 es,
387 2639 435 2697 ait,
448 2635 552 2688 dominae
564 2651 655 2704 gratare
668 2655 673 2684 ε
687 2636 765 2687 levata
776 2633 809 2682 est
847 2637 850 2644 ’

83 2716 183 2783 Argolis
197 2716 323 2772 Alcmene,
343 2720 480 2782 potiturque
494 2731 608 2781 puerpera
623 2728 692 2762 voto.

82 2793 204 2848 Exsiluit,
222 2795 358 2858 junliasque
369 2809 452 2842 msnus
460 2791 576 2858 patefacta
587 2791 679 2840 remisit

84 2870 150 2920 Diva
162 2883 248 2935 potens
260 2871 335 2915 uteri:
347 2866 432 2916 vinclis
444 2865 510 2914 levor
521 2865 570 2929 ipsa
581 2865 692 2912 remissis.
812 2877 837 2922 3¹
844 2877 854 2924 ς

85 2947 196 2998 Numine
208 2943 326 3010 decepto,
342 2941 415 2992 risilse
432 2940 578 2994 Galanthida
594 2940 658 2990 fama
670 2941 711 2990 est.

84 3023 237 3087 Ridentem,
256 3024 411 3090 prensamque
420 3024 476 3089 ipsis
483 3019 536 3072 Dea
549 3021 609 3072 leva
619 3017 713 3145 elapillis
814 3067 818 3076 ,

653 3111 678 3163 Vl
