<?xml version="1.0" encoding="UTF-8"?>
<!DOCTYPE html PUBLIC "-//W3C//DTD XHTML 1.0 Transitional//EN"
    "http://www.w3.org/TR/xhtml1/DTD/xhtml1-transitional.dtd">
<html xmlns="http://www.w3.org/1999/xhtml" xml:lang="en" lang="en">
 <head>
  <title>
</title>
<meta http-equiv="Content-Type" content="text/html;charset=utf-8" />
  <meta name='ocr-system' content='tesseract 3.04.00' />
  <meta name='ocr-capabilities' content='ocr_page ocr_carea ocr_par ocr_line ocrx_word'/>
</head>
<body>
  <div class='ocr_page' id='page_1' title='image "./povidiinasoniso06ovidgoog_0094.png"; bbox 0 0 2056 3706; ppageno 0'>
   <div class='ocr_carea' id='block_1_1' title="bbox 145 281 817 374">
    <p class='ocr_par' dir='ltr' id='par_1_1' title="bbox 145 281 817 374">
     <span class='ocr_line' id='line_1_1' title="bbox 145 281 817 374; baseline 0.001 -22"><span class='ocrx_word' id='word_1_1' title='bbox 145 283 581 354; x_wconf 68' lang='lat' dir='ltr'>Mur-Arrourrrosnou</span> <span class='ocrx_word' id='word_1_2' title='bbox 611 281 648 351; x_wconf 83' lang='lat' dir='ltr'>L.</span> <span class='ocrx_word' id='word_1_3' title='bbox 680 281 748 353; x_wconf 91' lang='lat' dir='ltr'>IV.</span> <span class='ocrx_word' id='word_1_4' title='bbox 776 285 817 374; x_wconf 83' lang='lat'>85</span> 
     </span>
    </p>
   </div>
   <div class='ocr_carea' id='block_1_2' title="bbox 28 397 869 2429">
    <p class='ocr_par' dir='ltr' id='par_1_2' title="bbox 91 397 690 471">
     <span class='ocr_line' id='line_1_2' title="bbox 91 397 690 471; baseline 0.003 -19"><span class='ocrx_word' id='word_1_5' title='bbox 91 397 128 452; x_wconf 82' lang='lat' dir='ltr'>Et</span> <span class='ocrx_word' id='word_1_6' title='bbox 140 405 211 471; x_wconf 84' lang='lat' dir='ltr'>quid</span> <span class='ocrx_word' id='word_1_7' title='bbox 223 409 245 455; x_wconf 84' lang='lat' dir='ltr'>se</span> <span class='ocrx_word' id='word_1_8' title='bbox 256 405 354 465; x_wconf 83' lang='lat' dir='ltr'>deceat,</span> <span class='ocrx_word' id='word_1_9' title='bbox 368 407 481 471; x_wconf 78' lang='lat' dir='ltr'>speuato</span> <span class='ocrx_word' id='word_1_10' title='bbox 490 403 596 456; x_wconf 82' lang='lat' dir='ltr'>consulit</span> <span class='ocrx_word' id='word_1_11' title='bbox 606 402 690 456; x_wconf 72' lang='lat' dir='ltr'>undar.</span> 
     </span>
    </p>

    <p class='ocr_par' dir='ltr' id='par_1_3' title="bbox 91 481 692 550">
     <span class='ocr_line' id='line_1_3' title="bbox 91 481 692 550; baseline 0 -18"><span class='ocrx_word' id='word_1_12' title='bbox 91 481 177 532; x_wconf 83' lang='lat' dir='ltr'>Nunc</span> <span class='ocrx_word' id='word_1_13' title='bbox 189 486 321 550; x_wconf 79' lang='lat' dir='ltr'>perlucenti</span> <span class='ocrx_word' id='word_1_14' title='bbox 332 483 480 536; x_wconf 76' lang='lat' dir='ltr'>circumdata</span> <span class='ocrx_word' id='word_1_15' title='bbox 490 499 576 549; x_wconf 77' lang='lat' dir='ltr'>corpus</span> <span class='ocrx_word' id='word_1_16' title='bbox 587 485 692 542; x_wconf 71' lang='lat' dir='ltr'>amisiu,</span> 
     </span>
    </p>

    <p class='ocr_par' dir='ltr' id='par_1_4' title="bbox 95 559 755 619">
     <span class='ocr_line' id='line_1_4' title="bbox 95 559 755 619; baseline 0 -11"><span class='ocrx_word' id='word_1_17' title='bbox 95 559 226 611; x_wconf 81' lang='lat' dir='ltr'>Mollibus</span> <span class='ocrx_word' id='word_1_18' title='bbox 235 577 275 612; x_wconf 79' lang='lat' dir='ltr'>eut</span> <span class='ocrx_word' id='word_1_19' title='bbox 285 562 368 619; x_wconf 79' lang='lat' dir='ltr'>foliis.</span> <span class='ocrx_word' id='word_1_20' title='bbox 382 576 424 612; x_wconf 79' lang='lat' dir='ltr'>aut</span> <span class='ocrx_word' id='word_1_21' title='bbox 434 563 549 612; x_wconf 78' lang='lat' dir='ltr'>mollibus</span> <span class='ocrx_word' id='word_1_22' title='bbox 561 562 659 612; x_wconf 80' lang='lat' dir='ltr'>incubat</span> <span class='ocrx_word' id='word_1_23' title='bbox 669 559 755 611; x_wconf 68' lang='lat' dir='ltr'>herbis.</span> 
     </span>
    </p>

    <p class='ocr_par' dir='ltr' id='par_1_5' title="bbox 93 639 867 785">
     <span class='ocr_line' id='line_1_5' title="bbox 95 639 867 707; baseline -0.003 -20"><span class='ocrx_word' id='word_1_24' title='bbox 95 639 167 703; x_wconf 79' lang='lat' dir='ltr'>Saepe</span> <span class='ocrx_word' id='word_1_25' title='bbox 178 641 239 706; x_wconf 83' lang='lat' dir='ltr'>legit</span> <span class='ocrx_word' id='word_1_26' title='bbox 249 639 320 690; x_wconf 84' lang='lat' dir='ltr'>lloree</span> <span class='ocrx_word' id='word_1_27' title='bbox 331 659 338 689; x_wconf 80' lang='lat' dir='ltr'>r</span> <span class='ocrx_word' id='word_1_28' title='bbox 350 645 375 691; x_wconf 76' lang='grc' dir='ltr'>δι</span> <span class='ocrx_word' id='word_1_29' title='bbox 386 657 444 692; x_wconf 86' lang='lat' dir='ltr'>umc</span> <span class='ocrx_word' id='word_1_30' title='bbox 458 657 556 707; x_wconf 83' lang='lat' dir='ltr'>quoque</span> <span class='ocrx_word' id='word_1_31' title='bbox 567 640 630 690; x_wconf 84' lang='lat' dir='ltr'>sorte</span> <span class='ocrx_word' id='word_1_32' title='bbox 642 639 752 704; x_wconf 62' lang='lat' dir='ltr'>legebat</span> <span class='ocrx_word' id='word_1_33' title='bbox 825 639 867 686; x_wconf 76' lang='lat'>3¹5</span> 
     </span>
     <span class='ocr_line' id='line_1_6' title="bbox 93 715 717 785; baseline -0.006 -17"><span class='ocrx_word' id='word_1_34' title='bbox 93 715 165 768; x_wconf 84' lang='lat' dir='ltr'>Ctlru</span> <span class='ocrx_word' id='word_1_35' title='bbox 176 735 280 784; x_wconf 88' lang='lat' dir='ltr'>puerum</span> <span class='ocrx_word' id='word_1_36' title='bbox 290 717 353 770; x_wconf 87' lang='lat' dir='ltr'>vidie</span> <span class='ocrx_word' id='word_1_37' title='bbox 365 739 371 768; x_wconf 73' lang='grc' dir='ltr'><strong>ε</strong></span> <span class='ocrx_word' id='word_1_38' title='bbox 381 721 508 785; x_wconf 85' lang='lat' dir='ltr'>visumque</span> <span class='ocrx_word' id='word_1_39' title='bbox 519 721 612 784; x_wconf 82' lang='lat' dir='ltr'>optavit</span> <span class='ocrx_word' id='word_1_40' title='bbox 622 718 717 768; x_wconf 79' lang='lat' dir='ltr'>hebete.</span> 
     </span>
    </p>

    <p class='ocr_par' dir='ltr' id='par_1_6' title="bbox 91 791 717 864">
     <span class='ocr_line' id='line_1_7' title="bbox 91 791 717 864; baseline 0 -20"><span class='ocrx_word' id='word_1_41' title='bbox 91 794 147 845; x_wconf 88' lang='lat' dir='ltr'>Nec</span> <span class='ocrx_word' id='word_1_42' title='bbox 163 812 248 847; x_wconf 77' lang='lat' dir='ltr'>temen</span> <span class='ocrx_word' id='word_1_43' title='bbox 261 813 317 848; x_wconf 83' lang='lat' dir='ltr'>ante</span> <span class='ocrx_word' id='word_1_44' title='bbox 330 796 409 858; x_wconf 80' lang='lat' dir='ltr'>adiit,</span> <span class='ocrx_word' id='word_1_45' title='bbox 423 799 468 847; x_wconf 83' lang='lat' dir='ltr'>etti</span> <span class='ocrx_word' id='word_1_46' title='bbox 479 791 621 864; x_wconf 76' lang='lat' dir='ltr'>properabat</span> <span class='ocrx_word' id='word_1_47' title='bbox 632 793 717 854; x_wconf 82' lang='lat' dir='ltr'>adire,</span> 
     </span>
    </p>

    <p class='ocr_par' dir='ltr' id='par_1_7' title="bbox 88 873 778 942">
     <span class='ocr_line' id='line_1_8' title="bbox 88 873 778 942; baseline 0 -20"><span class='ocrx_word' id='word_1_48' title='bbox 88 873 178 934; x_wconf 74' lang='lat' dir='ltr'>Qudm</span> <span class='ocrx_word' id='word_1_49' title='bbox 191 879 218 925; x_wconf 90' lang='lat' dir='ltr'>se</span> <span class='ocrx_word' id='word_1_50' title='bbox 229 878 385 942; x_wconf 80' lang='lat' dir='ltr'>composuit,</span> <span class='ocrx_word' id='word_1_51' title='bbox 398 875 473 942; x_wconf 72' lang='lat' dir='ltr'>quim</span> <span class='ocrx_word' id='word_1_52' title='bbox 483 875 650 940; x_wconf 77' lang='lat' dir='ltr'>circumspexit</span> <span class='ocrx_word' id='word_1_53' title='bbox 660 875 758 922; x_wconf 70' lang='lat' dir='ltr'>amicius</span> <span class='ocrx_word' id='word_1_54' title='bbox 769 905 778 931; x_wconf 86' lang='lat'>,</span> 
     </span>
    </p>

    <p class='ocr_par' dir='ltr' id='par_1_8' title="bbox 86 949 682 1014">
     <span class='ocr_line' id='line_1_9' title="bbox 86 949 682 1014; baseline -0.002 -14"><span class='ocrx_word' id='word_1_55' title='bbox 86 950 121 1000; x_wconf 87' lang='lat' dir='ltr'>Et</span> <span class='ocrx_word' id='word_1_56' title='bbox 133 952 212 1004; x_wconf 85' lang='lat' dir='ltr'>finxit</span> <span class='ocrx_word' id='word_1_57' title='bbox 221 955 318 1004; x_wconf 88' lang='lat' dir='ltr'>vultum</span> <span class='ocrx_word' id='word_1_58' title='bbox 328 972 336 1014; x_wconf 85' lang='lat'>;</span> <span class='ocrx_word' id='word_1_59' title='bbox 348 959 373 1004; x_wconf 77' lang='lat' dir='ltr'>bt</span> <span class='ocrx_word' id='word_1_60' title='bbox 383 957 472 1004; x_wconf 88' lang='lat' dir='ltr'>meruit</span> <span class='ocrx_word' id='word_1_61' title='bbox 482 953 587 1004; x_wconf 78' lang='lat' dir='ltr'>formosa</span> <span class='ocrx_word' id='word_1_62' title='bbox 596 949 682 1004; x_wconf 84' lang='lat' dir='ltr'>videri.</span> 
     </span>
    </p>

    <p class='ocr_par' dir='ltr' id='par_1_9' title="bbox 84 1028 869 1176">
     <span class='ocr_line' id='line_1_10' title="bbox 85 1028 869 1099; baseline 0 -21"><span class='ocrx_word' id='word_1_63' title='bbox 85 1029 163 1080; x_wconf 91' lang='lat' dir='ltr'>Tunc</span> <span class='ocrx_word' id='word_1_64' title='bbox 176 1035 214 1080; x_wconf 82' lang='lat' dir='ltr'>sic</span> <span class='ocrx_word' id='word_1_65' title='bbox 224 1034 278 1084; x_wconf 74' lang='lat' dir='ltr'>orsu</span> <span class='ocrx_word' id='word_1_66' title='bbox 288 1033 356 1099; x_wconf 89' lang='lat' dir='ltr'>loqui</span> <span class='ocrx_word' id='word_1_67' title='bbox 367 1051 373 1082; x_wconf 82' lang='lat' dir='ltr'>r</span> <span class='ocrx_word' id='word_1_68' title='bbox 386 1034 446 1082; x_wconf 85' lang='lat' dir='ltr'>Puer</span> <span class='ocrx_word' id='word_1_69' title='bbox 457 1030 474 1082; x_wconf 83' lang='grc' dir='ltr'><strong>ὃ</strong></span> <span class='ocrx_word' id='word_1_70' title='bbox 484 1032 493 1081; x_wconf 86' lang='lat' dir='ltr'>l</span> <span class='ocrx_word' id='word_1_71' title='bbox 503 1031 642 1096; x_wconf 71' lang='lat' dir='ltr'>dignissime</span> <span class='ocrx_word' id='word_1_72' title='bbox 651 1028 717 1080; x_wconf 81' lang='lat' dir='ltr'>credi</span> <span class='ocrx_word' id='word_1_73' title='bbox 823 1043 869 1086; x_wconf 75' lang='lat'>320</span> 
     </span>
     <span class='ocr_line' id='line_1_11' title="bbox 84 1105 739 1176; baseline 0.003 -20"><span class='ocrx_word' id='word_1_74' title='bbox 84 1105 145 1157; x_wconf 81' lang='lat' dir='ltr'>Effe</span> <span class='ocrx_word' id='word_1_75' title='bbox 159 1109 232 1160; x_wconf 81' lang='lat' dir='ltr'>Deus</span> <span class='ocrx_word' id='word_1_76' title='bbox 242 1129 250 1170; x_wconf 79' lang='lat'>3</span> <span class='ocrx_word' id='word_1_77' title='bbox 265 1113 306 1159; x_wconf 94' lang='lat' dir='ltr'>seu</span> <span class='ocrx_word' id='word_1_78' title='bbox 316 1125 343 1160; x_wconf 90' lang='lat' dir='ltr'>tu</span> <span class='ocrx_word' id='word_1_79' title='bbox 351 1111 417 1159; x_wconf 77' lang='lat' dir='ltr'>Deus</span> <span class='ocrx_word' id='word_1_80' title='bbox 429 1127 472 1169; x_wconf 82' lang='lat' dir='ltr'>es,</span> <span class='ocrx_word' id='word_1_81' title='bbox 486 1125 553 1176; x_wconf 80' lang='lat' dir='ltr'>poten</span> <span class='ocrx_word' id='word_1_82' title='bbox 565 1107 611 1160; x_wconf 84' lang='lat' dir='ltr'>elle</span> <span class='ocrx_word' id='word_1_83' title='bbox 622 1105 739 1173; x_wconf 66' lang='lat' dir='ltr'>Cupidus</span> 
     </span>
    </p>

    <p class='ocr_par' dir='ltr' id='par_1_10' title="bbox 85 1185 647 1254">
     <span class='ocr_line' id='line_1_12' title="bbox 85 1185 647 1254; baseline 0.004 -20"><span class='ocrx_word' id='word_1_84' title='bbox 85 1185 148 1236; x_wconf 83' lang='lat' dir='ltr'>Sive</span> <span class='ocrx_word' id='word_1_85' title='bbox 161 1204 189 1236; x_wconf 83' lang='lat' dir='ltr'>et</span> <span class='ocrx_word' id='word_1_86' title='bbox 203 1187 331 1246; x_wconf 78' lang='lat' dir='ltr'>mortalit,</span> <span class='ocrx_word' id='word_1_87' title='bbox 344 1191 387 1254; x_wconf 89' lang='lat' dir='ltr'>qui</span> <span class='ocrx_word' id='word_1_88' title='bbox 400 1201 423 1236; x_wconf 89' lang='lat' dir='ltr'>te</span> <span class='ocrx_word' id='word_1_89' title='bbox 434 1203 550 1252; x_wconf 76' lang='lat' dir='ltr'>genuere,</span> <span class='ocrx_word' id='word_1_90' title='bbox 564 1188 647 1244; x_wconf 72' lang='lat' dir='ltr'>beati3</span> 
     </span>
    </p>

    <p class='ocr_par' dir='ltr' id='par_1_11' title="bbox 85 1262 613 1330">
     <span class='ocr_line' id='line_1_13' title="bbox 85 1262 613 1330; baseline 0.004 -18"><span class='ocrx_word' id='word_1_91' title='bbox 85 1262 125 1312; x_wconf 82' lang='lat' dir='ltr'>Et</span> <span class='ocrx_word' id='word_1_92' title='bbox 138 1265 220 1314; x_wconf 83' lang='lat' dir='ltr'>stater</span> <span class='ocrx_word' id='word_1_93' title='bbox 231 1265 307 1324; x_wconf 85' lang='lat' dir='ltr'>felix,</span> <span class='ocrx_word' id='word_1_94' title='bbox 320 1269 345 1314; x_wconf 74' lang='grc' dir='ltr'>δι</span> <span class='ocrx_word' id='word_1_95' title='bbox 356 1264 479 1314; x_wconf 77' lang='lat' dir='ltr'>fortunata</span> <span class='ocrx_word' id='word_1_96' title='bbox 487 1263 613 1330; x_wconf 70' lang='lat' dir='ltr'>proficuo,</span> 
     </span>
    </p>

    <p class='ocr_par' dir='ltr' id='par_1_12' title="bbox 28 1340 740 1409">
     <span class='ocr_line' id='line_1_14' title="bbox 28 1340 740 1409; baseline 0.003 -19"><span class='ocrx_word' id='word_1_97' title='bbox 28 1395 32 1406; x_wconf 38' lang='lat'>¹</span> <span class='ocrx_word' id='word_1_98' title='bbox 87 1342 116 1390; x_wconf 87' lang='lat' dir='ltr'>Si</span> <span class='ocrx_word' id='word_1_99' title='bbox 129 1358 184 1407; x_wconf 85' lang='lat' dir='ltr'>qua</span> <span class='ocrx_word' id='word_1_100' title='bbox 196 1344 241 1392; x_wconf 89' lang='lat' dir='ltr'>tibi</span> <span class='ocrx_word' id='word_1_101' title='bbox 252 1345 319 1393; x_wconf 86' lang='lat' dir='ltr'>soror</span> <span class='ocrx_word' id='word_1_102' title='bbox 328 1343 379 1402; x_wconf 85' lang='lat' dir='ltr'>est,</span> <span class='ocrx_word' id='word_1_103' title='bbox 393 1346 418 1392; x_wconf 72' lang='lat' dir='ltr'>ic</span> <span class='ocrx_word' id='word_1_104' title='bbox 429 1359 482 1409; x_wconf 82' lang='lat' dir='ltr'>quae</span> <span class='ocrx_word' id='word_1_105' title='bbox 491 1340 559 1392; x_wconf 88' lang='lat' dir='ltr'>dedit</span> <span class='ocrx_word' id='word_1_106' title='bbox 572 1345 643 1394; x_wconf 76' lang='lat' dir='ltr'>ubera</span> <span class='ocrx_word' id='word_1_107' title='bbox 651 1343 740 1394; x_wconf 85' lang='lat' dir='ltr'>nutrix.</span> 
     </span>
    </p>

    <p class='ocr_par' dir='ltr' id='par_1_13' title="bbox 84 1419 865 1566">
     <span class='ocr_line' id='line_1_15' title="bbox 86 1419 865 1487; baseline -0.001 -19"><span class='ocrx_word' id='word_1_108' title='bbox 86 1419 140 1469; x_wconf 88' lang='lat' dir='ltr'>Sed</span> <span class='ocrx_word' id='word_1_109' title='bbox 152 1420 230 1486; x_wconf 71' lang='lat' dir='ltr'>longe</span> <span class='ocrx_word' id='word_1_110' title='bbox 240 1425 345 1477; x_wconf 73' lang='lat' dir='ltr'>nunciis,</span> <span class='ocrx_word' id='word_1_111' title='bbox 360 1421 480 1487; x_wconf 71' lang='lat' dir='ltr'>longique</span> <span class='ocrx_word' id='word_1_112' title='bbox 491 1424 613 1486; x_wconf 78' lang='lat' dir='ltr'>potentior</span> <span class='ocrx_word' id='word_1_113' title='bbox 622 1420 690 1478; x_wconf 79' lang='lat' dir='ltr'>illis,</span> <span class='ocrx_word' id='word_1_114' title='bbox 822 1421 865 1468; x_wconf 81' lang='lat'>3²5</span> 
     </span>
     <span class='ocr_line' id='line_1_16' title="bbox 84 1497 723 1566; baseline 0.006 -18"><span class='ocrx_word' id='word_1_115' title='bbox 84 1500 112 1548; x_wconf 88' lang='lat' dir='ltr'>Si</span> <span class='ocrx_word' id='word_1_116' title='bbox 123 1515 179 1566; x_wconf 76' lang='lat' dir='ltr'>qua</span> <span class='ocrx_word' id='word_1_117' title='bbox 193 1502 237 1550; x_wconf 88' lang='lat' dir='ltr'>tibi</span> <span class='ocrx_word' id='word_1_118' title='bbox 247 1501 390 1566; x_wconf 67' lang='lat' dir='ltr'>sponsorii,</span> <span class='ocrx_word' id='word_1_119' title='bbox 401 1504 421 1550; x_wconf 78' lang='lat' dir='ltr'>si</span> <span class='ocrx_word' id='word_1_120' title='bbox 432 1517 504 1566; x_wconf 80' lang='lat' dir='ltr'>quam</span> <span class='ocrx_word' id='word_1_121' title='bbox 515 1497 642 1564; x_wconf 77' lang='lat' dir='ltr'>dignabere</span> <span class='ocrx_word' id='word_1_122' title='bbox 652 1499 723 1552; x_wconf 66' lang='lat' dir='ltr'>cedi·</span> 
     </span>
    </p>

    <p class='ocr_par' dir='ltr' id='par_1_14' title="bbox 86 1575 773 1646">
     <span class='ocr_line' id='line_1_17' title="bbox 86 1575 773 1646; baseline 0.001 -20"><span class='ocrx_word' id='word_1_123' title='bbox 86 1575 150 1628; x_wconf 81' lang='lat' dir='ltr'>Hrec</span> <span class='ocrx_word' id='word_1_124' title='bbox 165 1581 211 1630; x_wconf 88' lang='lat' dir='ltr'>tibi</span> <span class='ocrx_word' id='word_1_125' title='bbox 220 1582 269 1630; x_wconf 83' lang='lat' dir='ltr'>sive</span> <span class='ocrx_word' id='word_1_126' title='bbox 280 1579 360 1646; x_wconf 81' lang='lat' dir='ltr'>aliqua</span> <span class='ocrx_word' id='word_1_127' title='bbox 369 1579 421 1639; x_wconf 85' lang='lat' dir='ltr'>eil,</span> <span class='ocrx_word' id='word_1_128' title='bbox 435 1595 489 1628; x_wconf 79' lang='lat' dir='ltr'>mea</span> <span class='ocrx_word' id='word_1_129' title='bbox 501 1581 533 1628; x_wconf 79' lang='lat' dir='ltr'>cit</span> <span class='ocrx_word' id='word_1_130' title='bbox 543 1579 632 1631; x_wconf 71' lang='lat' dir='ltr'>furtim</span> <span class='ocrx_word' id='word_1_131' title='bbox 642 1578 753 1643; x_wconf 75' lang='lat' dir='ltr'>voluptas</span> <span class='ocrx_word' id='word_1_132' title='bbox 764 1595 773 1636; x_wconf 84' lang='lat'>;</span> 
     </span>
    </p>

    <p class='ocr_par' dir='ltr' id='par_1_15' title="bbox 86 1655 814 1801">
     <span class='ocr_line' id='line_1_18' title="bbox 87 1655 814 1725; baseline 0.004 -22"><span class='ocrx_word' id='word_1_133' title='bbox 87 1656 136 1704; x_wconf 87' lang='lat' dir='ltr'>Seu</span> <span class='ocrx_word' id='word_1_134' title='bbox 143 1657 216 1706; x_wconf 82' lang='lat' dir='ltr'>nulla</span> <span class='ocrx_word' id='word_1_135' title='bbox 222 1658 265 1718; x_wconf 88' lang='lat' dir='ltr'>est,</span> <span class='ocrx_word' id='word_1_136' title='bbox 272 1673 318 1723; x_wconf 82' lang='lat' dir='ltr'>ego</span> <span class='ocrx_word' id='word_1_137' title='bbox 324 1661 383 1706; x_wconf 78' lang='lat' dir='ltr'>sim:</span> <span class='ocrx_word' id='word_1_138' title='bbox 393 1657 573 1725; x_wconf 76' lang='lat' dir='ltr'>thalamumque</span> <span class='ocrx_word' id='word_1_139' title='bbox 579 1661 686 1708; x_wconf 74' lang='lat' dir='ltr'>ineamus</span> <span class='ocrx_word' id='word_1_140' title='bbox 692 1655 814 1708; x_wconf 85' lang='lat' dir='ltr'>eumdem.</span> 
     </span>
     <span class='ocr_line' id='line_1_19' title="bbox 86 1731 665 1801; baseline 0.007 -21"><span class='ocrx_word' id='word_1_141' title='bbox 86 1731 154 1784; x_wconf 74' lang='lat' dir='ltr'>Nau</span> <span class='ocrx_word' id='word_1_142' title='bbox 166 1737 198 1784; x_wconf 82' lang='lat' dir='ltr'>ab</span> <span class='ocrx_word' id='word_1_143' title='bbox 210 1738 246 1786; x_wconf 79' lang='lat' dir='ltr'>his</span> <span class='ocrx_word' id='word_1_144' title='bbox 257 1739 332 1786; x_wconf 81' lang='lat' dir='ltr'>tacuit</span> <span class='ocrx_word' id='word_1_145' title='bbox 343 1744 350 1785; x_wconf 81' lang='lat' dir='ltr'>i</span> <span class='ocrx_word' id='word_1_146' title='bbox 361 1739 428 1801; x_wconf 89' lang='lat' dir='ltr'>pueri</span> <span class='ocrx_word' id='word_1_147' title='bbox 438 1737 511 1786; x_wconf 87' lang='lat' dir='ltr'>rubor</span> <span class='ocrx_word' id='word_1_148' title='bbox 520 1753 563 1786; x_wconf 83' lang='lat' dir='ltr'>ora</span> <span class='ocrx_word' id='word_1_149' title='bbox 571 1739 665 1788; x_wconf 78' lang='lat' dir='ltr'>nutarit</span> 
     </span>
    </p>

    <p class='ocr_par' dir='ltr' id='par_1_16' title="bbox 87 1809 865 1958">
     <span class='ocr_line' id='line_1_20' title="bbox 87 1809 865 1878; baseline 0.008 -20"><span class='ocrx_word' id='word_1_150' title='bbox 87 1809 184 1862; x_wconf 80' lang='lat' dir='ltr'>Nescia</span> <span class='ocrx_word' id='word_1_151' title='bbox 194 1811 255 1878; x_wconf 89' lang='lat' dir='ltr'>quid</span> <span class='ocrx_word' id='word_1_152' title='bbox 266 1816 372 1862; x_wconf 73' lang='lat' dir='ltr'>nitamur</span> <span class='ocrx_word' id='word_1_153' title='bbox 383 1833 389 1862; x_wconf 87' lang='lat'>=</span> <span class='ocrx_word' id='word_1_154' title='bbox 401 1812 442 1864; x_wconf 91' lang='lat' dir='ltr'>sed</span> <span class='ocrx_word' id='word_1_155' title='bbox 453 1819 477 1864; x_wconf 77' lang='lat' dir='ltr'>bc</span> <span class='ocrx_word' id='word_1_156' title='bbox 488 1813 604 1864; x_wconf 80' lang='lat' dir='ltr'>erubuisse</span> <span class='ocrx_word' id='word_1_157' title='bbox 615 1813 722 1868; x_wconf 77' lang='lat' dir='ltr'>decebat.</span> <span class='ocrx_word' id='word_1_158' title='bbox 818 1831 865 1876; x_wconf 74' lang='lat'>330</span> 
     </span>
     <span class='ocr_line' id='line_1_21' title="bbox 88 1886 691 1958; baseline 0.008 -21"><span class='ocrx_word' id='word_1_159' title='bbox 88 1886 143 1938; x_wconf 88' lang='lat' dir='ltr'>Hic</span> <span class='ocrx_word' id='word_1_160' title='bbox 157 1889 231 1939; x_wconf 89' lang='lat' dir='ltr'>color</span> <span class='ocrx_word' id='word_1_161' title='bbox 240 1891 323 1956; x_wconf 74' lang='lat' dir='ltr'>aprici</span> <span class='ocrx_word' id='word_1_162' title='bbox 334 1888 491 1955; x_wconf 76' lang='lat' dir='ltr'>pendentibus</span> <span class='ocrx_word' id='word_1_163' title='bbox 502 1894 585 1942; x_wconf 85' lang='lat' dir='ltr'>arbore</span> <span class='ocrx_word' id='word_1_164' title='bbox 595 1896 691 1958; x_wconf 75' lang='lat' dir='ltr'>pomis,</span> 
     </span>
    </p>

    <p class='ocr_par' dir='ltr' id='par_1_17' title="bbox 88 1967 716 2030">
     <span class='ocr_line' id='line_1_22' title="bbox 88 1967 716 2030; baseline 0.01 -15"><span class='ocrx_word' id='word_1_165' title='bbox 88 1967 144 2017; x_wconf 81' lang='lat' dir='ltr'>Aut</span> <span class='ocrx_word' id='word_1_166' title='bbox 154 1969 224 2020; x_wconf 89' lang='lat' dir='ltr'>ebori</span> <span class='ocrx_word' id='word_1_167' title='bbox 235 1971 310 2020; x_wconf 69' lang='lat' dir='ltr'>tincto</span> <span class='ocrx_word' id='word_1_168' title='bbox 320 1970 372 2028; x_wconf 69' lang='lat' dir='ltr'>ellr</span> <span class='ocrx_word' id='word_1_169' title='bbox 384 1985 426 2018; x_wconf 80' lang='lat' dir='ltr'>aut</span> <span class='ocrx_word' id='word_1_170' title='bbox 436 1971 480 2018; x_wconf 89' lang='lat' dir='ltr'>sub</span> <span class='ocrx_word' id='word_1_171' title='bbox 491 1967 594 2020; x_wconf 86' lang='lat' dir='ltr'>caudore</span> <span class='ocrx_word' id='word_1_172' title='bbox 605 1972 716 2030; x_wconf 86' lang='lat' dir='ltr'>rubenti,</span> 
     </span>
    </p>

    <p class='ocr_par' dir='ltr' id='par_1_18' title="bbox 88 2044 687 2107">
     <span class='ocr_line' id='line_1_23' title="bbox 88 2044 687 2107; baseline 0.003 -13"><span class='ocrx_word' id='word_1_173' title='bbox 88 2044 161 2096; x_wconf 77' lang='lat' dir='ltr'>cum</span> <span class='ocrx_word' id='word_1_174' title='bbox 174 2048 259 2098; x_wconf 78' lang='lat' dir='ltr'>frustra</span> <span class='ocrx_word' id='word_1_175' title='bbox 268 2049 382 2098; x_wconf 81' lang='lat' dir='ltr'>resonant</span> <span class='ocrx_word' id='word_1_176' title='bbox 393 2063 439 2098; x_wconf 75' lang='lat' dir='ltr'>aera</span> <span class='ocrx_word' id='word_1_177' title='bbox 453 2048 595 2107; x_wconf 79' lang='lat' dir='ltr'>auxiliaria,</span> <span class='ocrx_word' id='word_1_178' title='bbox 606 2048 687 2098; x_wconf 75' lang='lat' dir='ltr'>Lunz.</span> 
     </span>
    </p>

    <p class='ocr_par' dir='ltr' id='par_1_19' title="bbox 88 2123 659 2192">
     <span class='ocr_line' id='line_1_24' title="bbox 88 2123 659 2192; baseline 0.009 -21"><span class='ocrx_word' id='word_1_179' title='bbox 88 2123 206 2176; x_wconf 89' lang='lat' dir='ltr'>Poscenti</span> <span class='ocrx_word' id='word_1_180' title='bbox 220 2126 340 2192; x_wconf 69' lang='lat' dir='ltr'>Nympha</span> <span class='ocrx_word' id='word_1_181' title='bbox 353 2129 403 2176; x_wconf 79' lang='lat' dir='ltr'>siue</span> <span class='ocrx_word' id='word_1_182' title='bbox 415 2124 462 2176; x_wconf 76' lang='lat' dir='ltr'>fine</span> <span class='ocrx_word' id='word_1_183' title='bbox 473 2127 564 2176; x_wconf 77' lang='lat' dir='ltr'>sororia</span> <span class='ocrx_word' id='word_1_184' title='bbox 575 2125 659 2176; x_wconf 73' lang='lat' dir='ltr'>selteru</span> 
     </span>
    </p>

    <p class='ocr_par' dir='ltr' id='par_1_20' title="bbox 88 2202 859 2429">
     <span class='ocr_line' id='line_1_25' title="bbox 89 2202 859 2271; baseline 0.006 -20"><span class='ocrx_word' id='word_1_185' title='bbox 89 2202 200 2260; x_wconf 82' lang='lat' dir='ltr'>Oscula,</span> <span class='ocrx_word' id='word_1_186' title='bbox 212 2208 310 2271; x_wconf 82' lang='lat' dir='ltr'>jamque</span> <span class='ocrx_word' id='word_1_187' title='bbox 320 2221 405 2254; x_wconf 76' lang='lat' dir='ltr'>manus</span> <span class='ocrx_word' id='word_1_188' title='bbox 415 2203 446 2254; x_wconf 77' lang='lat' dir='ltr'>td</span> <span class='ocrx_word' id='word_1_189' title='bbox 455 2205 556 2255; x_wconf 79' lang='lat' dir='ltr'>eburnea</span> <span class='ocrx_word' id='word_1_190' title='bbox 566 2205 629 2255; x_wconf 84' lang='lat' dir='ltr'>colla</span> <span class='ocrx_word' id='word_1_191' title='bbox 641 2206 742 2266; x_wconf 84' lang='lat' dir='ltr'>ferenti,</span> <span class='ocrx_word' id='word_1_192' title='bbox 817 2221 859 2267; x_wconf 78' lang='lat'>3³5</span> 
     </span>
     <span class='ocr_line' id='line_1_26' title="bbox 88 2270 770 2351; baseline 0.009 -23"><span class='ocrx_word' id='word_1_193' title='bbox 88 2270 209 2332; x_wconf 70' lang='lat' dir='ltr'>Desinis?</span> <span class='ocrx_word' id='word_1_194' title='bbox 224 2283 334 2348; x_wconf 76' lang='lat' dir='ltr'>aufugio</span> <span class='ocrx_word' id='word_1_195' title='bbox 345 2285 355 2332; x_wconf 71' lang='grc' dir='ltr'><strong><em>ἓ</em></strong></span> <span class='ocrx_word' id='word_1_196' title='bbox 368 2297 509 2351; x_wconf 87' lang='lat' dir='ltr'>tecumque,</span> <span class='ocrx_word' id='word_1_197' title='bbox 523 2287 574 2343; x_wconf 80' lang='lat' dir='ltr'>ait,</span> <span class='ocrx_word' id='word_1_198' title='bbox 589 2286 632 2334; x_wconf 79' lang='lat' dir='ltr'>isle</span> <span class='ocrx_word' id='word_1_199' title='bbox 640 2285 750 2351; x_wconf 85' lang='lat' dir='ltr'>relinquo</span> <span class='ocrx_word' id='word_1_200' title='bbox 762 2288 770 2334; x_wconf 81' lang='lat' dir='ltr'>i</span> 
     </span>
     <span class='ocr_line' id='line_1_27' title="bbox 90 2360 768 2429; baseline 0.009 -21"><span class='ocrx_word' id='word_1_201' title='bbox 90 2360 212 2412; x_wconf 72' lang='lat' dir='ltr'>Salauris</span> <span class='ocrx_word' id='word_1_202' title='bbox 222 2365 332 2411; x_wconf 82' lang='lat' dir='ltr'>extimuit</span> <span class='ocrx_word' id='word_1_203' title='bbox 342 2381 349 2411; x_wconf 71' lang='grc' dir='ltr'><strong><em>ε</em></strong></span> <span class='ocrx_word' id='word_1_204' title='bbox 359 2363 469 2429; x_wconf 79' lang='lat' dir='ltr'>Locrqde</span> <span class='ocrx_word' id='word_1_205' title='bbox 479 2366 529 2413; x_wconf 76' lang='lat' dir='ltr'>haec</span> <span class='ocrx_word' id='word_1_206' title='bbox 541 2363 587 2412; x_wconf 90' lang='lat' dir='ltr'>tibi</span> <span class='ocrx_word' id='word_1_207' title='bbox 598 2362 672 2414; x_wconf 79' lang='lat' dir='ltr'>libere</span> <span class='ocrx_word' id='word_1_208' title='bbox 683 2361 751 2414; x_wconf 73' lang='lat' dir='ltr'>trado</span> <span class='ocrx_word' id='word_1_209' title='bbox 760 2395 768 2424; x_wconf 89' lang='lat'>‚</span> 
     </span>
    </p>
   </div>
   <div class='ocr_carea' id='block_1_3' title="bbox 89 2434 830 2571">
    <p class='ocr_par' dir='ltr' id='par_1_21' title="bbox 89 2434 830 2571">
     <span class='ocr_line' id='line_1_28' title="bbox 89 2434 726 2506; baseline 0.008 -21"><span class='ocrx_word' id='word_1_210' title='bbox 89 2434 188 2503; x_wconf 82' lang='lat' dir='ltr'>Hospes</span> <span class='ocrx_word' id='word_1_211' title='bbox 199 2473 206 2498; x_wconf 89' lang='lat'>,</span> <span class='ocrx_word' id='word_1_212' title='bbox 219 2441 252 2488; x_wconf 85' lang='lat' dir='ltr'>ait</span> <span class='ocrx_word' id='word_1_213' title='bbox 263 2459 270 2488; x_wconf 76' lang='lat' dir='ltr'>r</span> <span class='ocrx_word' id='word_1_214' title='bbox 282 2440 425 2506; x_wconf 80' lang='lat' dir='ltr'>simulatque</span> <span class='ocrx_word' id='word_1_215' title='bbox 437 2439 511 2504; x_wconf 73' lang='lat' dir='ltr'>gradu</span> <span class='ocrx_word' id='word_1_216' title='bbox 521 2438 640 2492; x_wconf 80' lang='lat' dir='ltr'>discedere</span> <span class='ocrx_word' id='word_1_217' title='bbox 650 2441 726 2490; x_wconf 89' lang='lat' dir='ltr'>verso.</span> 
     </span>
     <span class='ocr_line' id='line_1_29' title="bbox 89 2500 830 2571; baseline 0.009 -22"><span class='ocrx_word' id='word_1_218' title='bbox 89 2500 160 2552; x_wconf 87' lang='lat' dir='ltr'>Tum</span> <span class='ocrx_word' id='word_1_219' title='bbox 172 2521 267 2570; x_wconf 88' lang='lat' dir='ltr'>quoque</span> <span class='ocrx_word' id='word_1_220' title='bbox 277 2507 403 2570; x_wconf 83' lang='lat' dir='ltr'>respiciens</span> <span class='ocrx_word' id='word_1_221' title='bbox 415 2541 423 2566; x_wconf 90' lang='lat'>,</span> <span class='ocrx_word' id='word_1_222' title='bbox 439 2505 600 2571; x_wconf 85' lang='lat' dir='ltr'>fruticumque</span> <span class='ocrx_word' id='word_1_223' title='bbox 612 2503 737 2556; x_wconf 76' lang='lat' dir='ltr'>recondite</span> <span class='ocrx_word' id='word_1_224' title='bbox 750 2505 811 2556; x_wconf 70' lang='lat' dir='ltr'>silvi</span> <span class='ocrx_word' id='word_1_225' title='bbox 827 2515 830 2524; x_wconf 92' lang='grc'><strong>“</strong></span> 
     </span>
    </p>
   </div>
   <div class='ocr_carea' id='block_1_4' title="bbox 89 2577 860 3044">
    <p class='ocr_par' dir='ltr' id='par_1_22' title="bbox 89 2577 860 2726">
     <span class='ocr_line' id='line_1_30' title="bbox 89 2577 860 2649; baseline 0.004 -21"><span class='ocrx_word' id='word_1_226' title='bbox 89 2577 198 2632; x_wconf 89' lang='lat' dir='ltr'>Delituit</span> <span class='ocrx_word' id='word_1_227' title='bbox 211 2601 216 2630; x_wconf 93' lang='lat'><strong>:</strong></span> <span class='ocrx_word' id='word_1_228' title='bbox 229 2582 365 2649; x_wconf 86' lang='lat' dir='ltr'>flexumque</span> <span class='ocrx_word' id='word_1_229' title='bbox 379 2599 440 2648; x_wconf 83' lang='lat' dir='ltr'>genu</span> <span class='ocrx_word' id='word_1_230' title='bbox 454 2585 570 2634; x_wconf 82' lang='lat' dir='ltr'>submisit.</span> <span class='ocrx_word' id='word_1_231' title='bbox 586 2585 618 2634; x_wconf 79' lang='lat' dir='ltr'>At</span> <span class='ocrx_word' id='word_1_232' title='bbox 628 2584 688 2642; x_wconf 87' lang='lat' dir='ltr'>ille,</span> <span class='ocrx_word' id='word_1_233' title='bbox 814 2597 860 2645; x_wconf 77' lang='lat'>340</span> 
     </span>
     <span class='ocr_line' id='line_1_31' title="bbox 89 2656 743 2726; baseline 0.009 -20"><span class='ocrx_word' id='word_1_234' title='bbox 89 2656 127 2708; x_wconf 91' lang='lat' dir='ltr'>Ut</span> <span class='ocrx_word' id='word_1_235' title='bbox 137 2677 216 2726; x_wconf 88' lang='lat' dir='ltr'>puer,</span> <span class='ocrx_word' id='word_1_236' title='bbox 228 2664 253 2711; x_wconf 77' lang='grc' dir='ltr'>δι</span> <span class='ocrx_word' id='word_1_237' title='bbox 264 2664 344 2712; x_wconf 82' lang='lat' dir='ltr'>vacuit</span> <span class='ocrx_word' id='word_1_238' title='bbox 358 2677 385 2712; x_wconf 91' lang='lat' dir='ltr'>ut</span> <span class='ocrx_word' id='word_1_239' title='bbox 397 2661 559 2714; x_wconf 80' lang='lat' dir='ltr'>inobservatus</span> <span class='ocrx_word' id='word_1_240' title='bbox 570 2665 597 2714; x_wconf 88' lang='lat' dir='ltr'>in</span> <span class='ocrx_word' id='word_1_241' title='bbox 609 2665 706 2724; x_wconf 82' lang='lat' dir='ltr'>herbis,</span> <span class='ocrx_word' id='word_1_242' title='bbox 741 2719 743 2726; x_wconf 21' lang='lat' dir='ltr'>y</span> 
     </span>
    </p>

    <p class='ocr_par' dir='ltr' id='par_1_23' title="bbox 91 2733 724 2800">
     <span class='ocr_line' id='line_1_32' title="bbox 91 2733 724 2800; baseline 0.013 -16"><span class='ocrx_word' id='word_1_243' title='bbox 91 2733 146 2788; x_wconf 81' lang='lat' dir='ltr'>Huc</span> <span class='ocrx_word' id='word_1_244' title='bbox 158 2741 194 2800; x_wconf 73' lang='lat' dir='ltr'>ir,</span> <span class='ocrx_word' id='word_1_245' title='bbox 210 2743 236 2789; x_wconf 74' lang='lat' dir='ltr'>dc</span> <span class='ocrx_word' id='word_1_246' title='bbox 248 2742 305 2790; x_wconf 83' lang='lat' dir='ltr'>hinc</span> <span class='ocrx_word' id='word_1_247' title='bbox 314 2740 374 2790; x_wconf 88' lang='lat' dir='ltr'>illuc</span> <span class='ocrx_word' id='word_1_248' title='bbox 386 2760 393 2790; x_wconf 82' lang='lat' dir='ltr'>t</span> <span class='ocrx_word' id='word_1_249' title='bbox 404 2745 430 2792; x_wconf 77' lang='lat' dir='ltr'>dc</span> <span class='ocrx_word' id='word_1_250' title='bbox 440 2745 466 2792; x_wconf 87' lang='lat' dir='ltr'>in</span> <span class='ocrx_word' id='word_1_251' title='bbox 481 2739 644 2792; x_wconf 76' lang='lat' dir='ltr'>alludentibus</span> <span class='ocrx_word' id='word_1_252' title='bbox 654 2740 724 2792; x_wconf 76' lang='lat' dir='ltr'>undis</span> 
     </span>
    </p>

    <p class='ocr_par' dir='ltr' id='par_1_24' title="bbox 94 2813 706 2886">
     <span class='ocr_line' id='line_1_33' title="bbox 94 2813 706 2886; baseline 0.016 -26"><span class='ocrx_word' id='word_1_253' title='bbox 94 2813 195 2866; x_wconf 77' lang='lat' dir='ltr'>Summe</span> <span class='ocrx_word' id='word_1_254' title='bbox 205 2816 294 2882; x_wconf 90' lang='lat' dir='ltr'>pedum</span> <span class='ocrx_word' id='word_1_255' title='bbox 304 2854 314 2878; x_wconf 97' lang='lat'>,</span> <span class='ocrx_word' id='word_1_256' title='bbox 328 2819 424 2886; x_wconf 85' lang='lat' dir='ltr'>taloque</span> <span class='ocrx_word' id='word_1_257' title='bbox 437 2835 505 2872; x_wconf 81' lang='lat' dir='ltr'>tenus</span> <span class='ocrx_word' id='word_1_258' title='bbox 515 2820 614 2884; x_wconf 77' lang='lat' dir='ltr'>vestigia</span> <span class='ocrx_word' id='word_1_259' title='bbox 624 2823 706 2885; x_wconf 77' lang='lat' dir='ltr'>tingit.</span> 
     </span>
    </p>

    <p class='ocr_par' dir='ltr' id='par_1_25' title="bbox 93 2888 859 3044">
     <span class='ocr_line' id='line_1_34' title="bbox 93 2888 765 2964; baseline 0.01 -25"><span class='ocrx_word' id='word_1_260' title='bbox 93 2888 147 2940; x_wconf 87' lang='lat' dir='ltr'>Nec</span> <span class='ocrx_word' id='word_1_261' title='bbox 159 2911 242 2945; x_wconf 82' lang='lat' dir='ltr'>mora:</span> <span class='ocrx_word' id='word_1_262' title='bbox 256 2899 369 2962; x_wconf 86' lang='lat' dir='ltr'>temperie</span> <span class='ocrx_word' id='word_1_263' title='bbox 382 2897 524 2948; x_wconf 75' lang='lat' dir='ltr'>blandorum</span> <span class='ocrx_word' id='word_1_264' title='bbox 535 2912 617 2962; x_wconf 78' lang='lat' dir='ltr'>captus</span> <span class='ocrx_word' id='word_1_265' title='bbox 627 2913 743 2964; x_wconf 76' lang='lat' dir='ltr'>equarum</span> <span class='ocrx_word' id='word_1_266' title='bbox 755 2930 765 2954; x_wconf 86' lang='lat'>,</span> 
     </span>
     <span class='ocr_line' id='line_1_35' title="bbox 94 2965 859 3044; baseline 0.009 -25"><span class='ocrx_word' id='word_1_267' title='bbox 94 2965 183 3032; x_wconf 74' lang='lat' dir='ltr'>Mollia</span> <span class='ocrx_word' id='word_1_268' title='bbox 193 2969 223 3022; x_wconf 83' lang='lat' dir='ltr'>cle</span> <span class='ocrx_word' id='word_1_269' title='bbox 235 2986 315 3024; x_wconf 87' lang='lat' dir='ltr'>teucro</span> <span class='ocrx_word' id='word_1_270' title='bbox 325 2975 445 3028; x_wconf 78' lang='lat' dir='ltr'>velamina</span> <span class='ocrx_word' id='word_1_271' title='bbox 456 2993 557 3044; x_wconf 84' lang='lat' dir='ltr'>corpore</span> <span class='ocrx_word' id='word_1_272' title='bbox 568 2979 646 3044; x_wconf 82' lang='lat' dir='ltr'>pouit.</span> <span class='ocrx_word' id='word_1_273' title='bbox 817 2977 859 3026; x_wconf 69' lang='lat' dir='ltr'>iil</span> 
     </span>
    </p>
   </div>
   <div class='ocr_carea' id='block_1_5' title="bbox 0 0 1041 3706">
    <p class='ocr_par' dir='ltr' id='par_1_26' title="bbox 0 0 1041 3706">
     <span class='ocr_line' id='line_1_36' title="bbox 0 0 1041 3706; baseline 0 0"><span class='ocrx_word' id='word_1_274' title='bbox 0 0 1041 3706; x_wconf 95' lang='lat' dir='ltr'> </span> 
     </span>
    </p>
   </div>
  </div>
 </body>
</html>
