2036 3714
130 320 561 402 Maranorrnosaou
580 325 618 396 L.
636 327 699 394 ΙΧ.
729 349 792 396 201

75 451 210 505 Dicentem
222 488 230 514 ,
244 453 390 518 genibusque
401 468 484 501 manus
495 448 607 500 a‘dhibere
618 461 756 514 parantem,

75 535 189 598 Corripit
207 529 319 590 Alcides3
337 535 361 580 be
374 545 456 596 terque
467 543 597 595 quaterque
608 541 714 575 rotatum

75 611 159 660 Mittit
169 613 195 658 in
206 611 326 659 Euboicas
337 643 346 669 ‚
358 621 483 658 tormento
493 606 577 657 fortiis
588 641 596 666 ,
608 603 692 656 undas.

74 687 121 737 Ille
139 705 182 753 per
196 691 270 738 a'e'rias
281 685 385 752 pendens
402 684 510 735 induruit
525 701 601 734 auras.

74 765 160 831 thue
178 763 258 813 ferunt
276 765 365 813 imbres
384 761 470 829 gelidis
482 765 632 813 concrescere
645 762 735 821 ventis,
799 773 847 804 220

75 841 137 892 lude
154 845 220 891 nives
242 841 309 900 fierit
326 843 420 890 nivibus
436 857 533 909 quoque
547 839 623 890 molle
633 843 716 888 rotatis
852 835 856 842 ’

75 923 182 988 Astringi
193 957 202 982 ,
215 926 239 972 δε
252 921 324 987 spissi
336 921 464 986 glomerari
475 919 591 986 grandine
601 935 687 984 corpus
697 935 706 979 ς

75 1002 116 1049 sic
129 1000 201 1049 illum
218 997 306 1051 validis
325 1001 402 1046 adium
416 1013 457 1064 per
468 1001 537 1048 inane
554 997 664 1058 lacertis,

74 1077 355 1144 Exsanguernquemetu‚
362 1080 538 1143 necquicquam
545 1075 796 1133 humorishabentcm,

76 1156 106 1206 ln
127 1155 217 1221 rigidas
227 1157 321 1206 versum
341 1155 417 1203 silices
427 1158 492 1222 prior
504 1153 580 1204 edidit
590 1169 654 1204 aetas.
798 1164 843 1208 ²25

77 1233 152 1284 Nunc
164 1250 260 1300 quoque
271 1237 297 1282 in
314 1233 425 1282 Euboico
443 1233 553 1297 scopulus
565 1234 641 1282 brevis
653 1236 739 1282 emicat
751 1232 797 1282 alte

74 1313 178 1378 Gurgite
189 1329 197 1372 3
214 1317 239 1362 bc
250 1314 361 1364 humanae
372 1311 449 1362 servat
462 1311 558 1376 vestigia
570 1311 663 1360 forma.

74 1389 175 1450 Quem,
193 1392 261 1456 quasi
278 1391 417 1445 sensurum,
428 1403 506 1438 nauta
517 1388 607 1438 calcare
618 1404 746 1456 verentur,

73 1467 252 1533 Appellantque
263 1467 362 1516 Lichan.
381 1467 414 1515 At
428 1481 470 1521 tu,
480 1467 544 1516 lovis
555 1467 646 1530 inclyta
657 1467 749 1532 proles,

74 1547 207 1595 Arboribus
223 1549 304 1600 casis,
320 1561 378 1611 quas
395 1543 468 1595 ardua
488 1543 588 1610 gesserat
605 1543 679 1606 OEte3
797 1551 845 1598 ²30

73 1623 151 1690 Inque
162 1641 245 1689 pyram
258 1624 361 1684 structis,
383 1641 465 1679 arcus,
478 1627 659 1691 pharetramque
670 1641 793 1690 capacem,
847 1619 853 1626 “

75 1702 206 1766 Regnaque
219 1703 307 1751 visuras
323 1705 408 1751 iterum
427 1692 533 1769 Trojana
545 1703 640 1769 sagittas
653 1739 661 1764 ,

73 1780 144 1828 Ferre
161 1781 228 1845 jubes
239 1781 333 1830 Paeante
343 1783 421 1828 saturn
433 1799 438 1828 :
450 1797 499 1846 quo
511 1779 609 1832 flamma
626 1763 736 1830 minidro

73 1857 185 1909 Subdita.
200 1858 315 1924 Dumque
326 1856 401 1906 avidis
417 1857 598 1922 comprenditur
608 1861 702 1923 ignibus
714 1875 794 1922 agger,

73 1935 224 2001 Congeriem
242 1936 307 1985 silvae
319 1935 433 1984 Nemeaeo
444 1935 532 1985 vell'ere
541 1939 659 1986 summam
797 1949 808 1980 2
815 1951 842 1995 35

73 2017 165 2064 Sternis
177 2033 183 2064 e
196 2018 236 2074 bc,
256 2014 370 2079 impositi
386 2014 460 2064 clavae
474 2018 585 2071 cervice,
603 2015 736 2076 recumbis,
848 2008 850 2016 ’

72 2091 147 2144 Haud
161 2092 210 2142 alio
226 2093 295 2142 vultu
310 2128 318 2152 ‚
335 2092 409 2158 quim
425 2095 444 2142 si
457 2097 558 2142 conviva
568 2098 658 2160 Jaceres

73 2171 139 2220 Inter
149 2170 220 2235 plena
231 2174 290 2219 meri
301 2169 424 2220 redimitus
436 2171 522 2236 pocula
532 2173 609 2222 sertis.

72 2251 174 2316 Jamque
192 2249 289 2307 valens,
309 2253 333 2298 bt
345 2253 370 2297 in
381 2265 453 2298 omne
465 2249 526 2300 latus
536 2247 623 2300 diffusa
634 2252 754 2312 sonabat,

73 2332 222 2395 Securosque
240 2343 320 2387 artus,
339 2339 562 2394 contemtoremque
579 2331 676 2394 petebat
794 2351 843 2396 240

72 2407 184 2456 Flamma
205 2409 289 2455 suum:
304 2409 403 2456 timuere
422 2408 468 2456 Dei
480 2425 523 2474 pro
536 2407 631 2457 vindice
643 2421 720 2458 terrae.
851 2409 855 2416 ⁴

71 2486 140 2546 Quos
157 2490 206 2546 ita,
223 2487 296 2534 sensit
313 2489 392 2546 enirn,
409 2486 465 2535 laeto
478 2489 598 2535 Saturnius
610 2503 651 2536 ore

70 2565 182 2629 luppiter
203 2563 335 2629 alloquitur
346 2583 351 2612 ι
365 2563 451 2614 Nostra
462 2565 496 2612 est
507 2568 579 2614 timor
596 2567 637 2614 iste
647 2565 778 2631 voluptas,

72 2643 112 2690 0!
134 2645 217 2706 Superi
229 2661 236 2690 r
248 2659 349 2709 totoque
360 2642 435 2692 libens
448 2645 507 2692 mihi
518 2647 612 2709 pestere
619 2659 715 2708 grator,

72 2717 147 2780 Quod
165 2724 280 2770 memoris
295 2722 378 2786 populi
395 2720 463 2771 ditor
478 2724 601 2786 reilorque
617 2737 745 2787 paterque3
798 2746 843 2792 2⁴5

71 2798 104 2846 Et
120 2815 174 2848 mea
188 2803 313 2864 progenies
324 2800 399 2848 vestro
413 2817 509 2865 quoque
521 2815 574 2850 tuta
592 2799 673 2848 favore
686 2803 725 2850 est.

71 2877 152 2936 Nam,
165 2893 313 2943 quamquam
327 2879 398 2941 ipsius
411 2875 481 2926 datur
491 2878 538 2925 hoc
549 2879 693 2927 immanibus
705 2882 778 2942 abiis,

71 2955 178 3020 Obligor
198 2958 248 3019 ipse
261 2970 354 3004 tamen:
364 2953 405 3004 sed
416 2959 479 3004 enirn
491 2991 498 3014 ‚
511 2973 541 3004 ne
553 2959 646 3020 peilor'a
656 2975 718 3008 vano

69 3031 130 3084 fida
149 3047 218 3082 metu
238 3048 359 3097 paveant,
380 3034 465 3082 OEtaeas
480 3035 581 3098 spernite
592 3033 713 3086 flammas.

193 3125 195 3136 “
624 3115 664 3167 It
