2036 3714
121 240 550 312 Mernuonrnosrou
573 239 611 308 L·
636 227 679 308 X.
709 261 778 329 237

53 361 166 412 Occidet
176 365 215 412 hic
224 365 312 428 igitur,
323 361 402 412 voluit
413 363 469 428 quia
479 364 559 410 vivere
572 365 681 411 mecum!

55 441 239 507 indignamque
250 457 334 490 necem
344 444 447 506 pretium
458 442 561 505 patietur
572 442 677 490 amoris?

56 521 123 570 Non
134 522 179 568 erit
189 517 286 569 invidie
296 520 394 569 victoria
404 519 483 568 nostra
495 516 606 567 ferendae.

57 597 112 648 Sed
122 615 173 648 non
183 597 253 662 culpa
263 613 317 646 mea
326 595 367 646 est.
379 595 480 646 Utinam
496 593 701 645 desisterevelletl
769 587 773 594 ⁸

58 677 114 726 Aut
126 709 135 735 ,
150 678 265 740 quoniam
273 691 296 722 es
308 671 424 728 demens,
437 675 527 724 utinam
538 674 645 724 velocior
656 667 712 724 elles
724 673 732 725 l
781 681 797 720 6
801 686 830 734 po

60 755 98 805 At
114 751 190 820 quim
204 755 324 817 virgineus
334 751 418 817 puerili
428 752 509 802 uultus
518 756 544 800 in
553 769 594 801 ore
606 752 652 802 est!

60 834 105 882 Ah
117 831 124 881 l
136 833 206 880 miser
215 830 383 896 Hippomene,
394 829 485 880 nollem
501 831 544 878 tibi
555 832 604 880 visa
614 817 725 882 fuilleml

60 911 155 958 Vivere
165 905 251 973 dignus
267 924 326 956 eras.
340 905 413 967 Quod
424 911 443 956 si
454 907 549 956 felicior
560 905 645 963 ellum,

60 987 120 1038 Nec
133 989 193 1036 mihi
204 989 343 1050 conjugium
352 985 401 1036 fata
409 988 545 1051 importuna
554 1001 667 1050 negarent
677 1004 687 1047 3

61 1065 138 1114 Unus
156 1082 219 1124 etas,
231 1081 286 1113 cum
297 1080 346 1130 quo
358 1065 446 1112 sociare
456 1065 545 1114 cubilia
554 1063 655 1128 pulsem.
788 1087 834 1138 ⁶55

61 1145 169 1194 Dixerat
181 1162 187 1192 ι
200 1158 272 1209 utque
283 1140 347 1190 rudis
355 1175 364 1201 ,
373 1143 498 1206 primoque
510 1141 632 1206 Cupidine
644 1145 721 1203 talla,

64 1218 138 1282 Quid
157 1219 214 1269 facit
223 1222 337 1284 ignoraus
347 1251 355 1278 ,
367 1235 451 1278 amat,
467 1223 491 1270 δι
503 1220 634 1292 υοαὶΐευῑίῑ
644 1237 759 1270 amorem.

103 1299 157 1347 lam
173 1296 257 1346 solitos
267 1298 369 1360 poscunt
378 1299 457 1345 cursus
466 1296 615 1364 populusque
626 1313 755 1364 patetque5

63 1374 139 1427 Crlm
149 1391 188 1423 me
199 1374 293 1423 soliciti
304 1373 383 1439 proles
396 1373 518 1440 Neptunia
529 1392 588 1426 voce

67 1455 174 1503 invocat
184 1453 355 1518 Hippomenes.
369 1451 513 1516 Cythereia,
529 1469 683 1520 comprecor,
696 1455 755 1504 aurit
790 1467 837 1515 σῳ

67 1529 145 1584 Adsit
156 1565 165 1590 ,
176 1532 226 1590 ait,
243 1530 343 1580 nostris?
355 1535 380 1579 ὃ(
387 1565 395 1590 ,
406 1547 465 1597 quos
478 1529 560 1592 dedit,
573 1531 670 1598 adjuvet
680 1535 754 1598 ignes.
813 1575 815 1580 .

67 1607 170 1658 Detulit
184 1604 240 1661 aura
250 1625 329 1674 preces
335 1607 366 1660 ad
374 1625 412 1658 me
422 1626 472 1661 nou
483 1607 565 1660 invida
577 1609 693 1670 blandast

69 1687 194 1752 Metaque
202 1688 253 1735 sum
263 1721 271 1746 ,
283 1686 379 1758 fateor:
390 1703 434 1738 uec
447 1692 499 1752 opis
509 1705 578 1742 mora
587 1689 661 1756 longa
671 1688 779 1740 dabatur.

70 1764 115 1814 Est
128 1780 198 1828 ager,
210 1761 327 1828 indigena
344 1765 487 1830 Tamaleurn
501 1770 599 1818 nomine
610 1765 710 1828 dicunt,

71 1843 181 1892 Telluris
192 1841 287 1906 Cypria
299 1859 353 1912 patr
364 1843 457 1906 optima
468 1860 474 1890 ε
488 1860 559 1908 quem
570 1846 630 1893 mihi
640 1846 711 1908 prisci
794 1847 838 1908 ⁶45

72 1923 203 1969 Sacravere
218 1921 301 1979 senes,
317 1918 459 1984 templisque
473 1913 584 1974 accedere
597 1917 681 1974 dotem

74 1998 148 2052 Hanc
162 1993 246 2062 Julsere
261 1999 329 2050 meis.
350 1987 439 2051 Medio·
450 1999 512 2050 nitet
523 1997 592 2046 arbor
605 2001 630 2046 in
640 2014 716 2058 arvo,

74 2074 273 2130 Foliacomam,
288 2073 356 2128 fulvo
367 2077 438 2128 ramis
449 2075 618 2144 crepitantibus
630 2091 697 2126 auro.

73 2153 143 2205 Hinc
154 2156 200 2202 tria
210 2151 271 2202 forti
281 2153 336 2204 mel
344 2156 441 2204 ueniens
452 2150 563 2220 decerpta
574 2152 678 2205 ferebam

75 2235 156 2282 Aurea
168 2247 240 2296 poma
250 2247 322 2283 manu
331 2249 337 2278 r
347 2229 455 2296 nullique
463 2229 566 2284 videnda
575 2265 582 2290 ,
592 2233 637 2282 nisi
646 2235 707 2296 ipsi,
798 2246 844 2296 650

76 2305 249 2379 Hippomenen
261 2307 326 2368 adii5
343 2306 476 2376 docuique,
489 2311 541 2375 quis
552 2310 606 2357 usus
615 2313 641 2358 in
650 2310 707 2358 illis.

77 2388 154 2452 Signa
163 2387 226 2442 tubae
237 2383 351 2440 dederant
362 2404 370 2446 3
382 2387 436 2443 cunr
447 2404 539 2438 carcere
550 2403 638 2452 pronus
649 2402 749 2454 uterque

78 2463 177 2512 Emicat
189 2497 197 2522 ‚
212 2467 237 2512 bc
248 2465 366 2519 summam
377 2465 447 2519 celeri
459 2463 518 2529 pede
529 2464 700 2520 libatarenarn.

79 2538 151 2590 Polie
166 2541 297 2606 putesillos
307 2543 369 2594 sicco
381 2539 441 2598 freta
452 2540 533 2598 radere
544 2539 626 2608 pass'u,

80 2620 114 2670 Et
131 2611 217 2683 segetis
232 2636 296 2668 canae
307 2619 391 2669 stantes
404 2636 537 2687 percurrere
547 2623 636 2674 atillar.
802 2629 845 2676 cll

82 2697 211 2763 Adliciunt
221 2691 313 2746 animos
322 2701 402 2762 juveni
413 2699 566 2764 clamorque,
585 2699 701 2765 favorque
710 2735 720 2762 ,

82 2778 212 2843 Verbaque
225 2773 347 2826 dicenttlm
358 2812 365 2837 ,
377 2776 465 2835 Nunc,
477 2793 539 2824 nunc
550 2778 687 2825 incumbere
699 2793 800 2844 tempus.
865 2765 867 2768 ⁵

83 2856 240 2920 Hippomene
252 2872 259 2902 t
270 2870 379 2919 propera.
390 2853 462 2903 Nunc
474 2855 561 2902 viribus
572 2865 636 2902 utere
645 2857 710 2904 totis.

84 2932 153 2986 Pelle
165 2948 261 2990 moram
272 2951 279 2982 e
290 2935 380 2986 vinces.
396 2929 505 2986 Dubium
516 2929 650 3004 Megareius
661 2935 731 2987 heros
