2036 3714
141 265 568 337 Mrraaosmossos
581 263 618 332 L
636 264 700 331 lX.
731 285 797 351 199

65 380 200 442 faceram
211 390 297 440 retusa
317 389 395 448 amsi
408 386 469 436 nihil
479 367 723 452 amptius,0bstein÷
809 386 835 404 ‘

67 461 143 522 Quid
164 469 201 527 si,
217 483 269 526 me,
282 466 420 531 Meleagro,
431 481 498 515 tuam
509 481 604 515 memor
615 462 661 514 ell'e
672 466 793 521 sororem,

64 541 146 591 Forte
167 561 227 610 paro
238 544 349 594 facinus?
365 559 529 611 quantumque
540 546 627 610 injuria
642 544 731 608 possit,
801 535 846 601 15⁴0

64 619 250 688 femineusque
262 621 333 672 dolor
345 657 353 681 ,
364 621 473 688 jugulati
483 621 589 687 pellice,
603 620 693 670 testor?

64 698 97 747 ln
116 703 203 750 cursus
214 705 306 750 animus
318 703 397 751 varios
409 703 459 750 abit
469 719 474 748 :
483 701 596 750 omnibus
606 699 644 748 illi

65 776 187 828 Praetulit
202 779 322 830 imbutam
339 777 428 836 Nesseo
445 782 557 845 sanguine
572 778 661 829 vestem

64 853 197 918 Mittere,
212 874 271 924 quae
291 861 352 909 vires
368 857 461 908 defeslo
476 855 561 908 reddat
578 859 666 908 amori.

65 933 212 1002 Ignaroque
224 937 320 998 Lichae,
339 935 398 1004 quid
414 935 492 988 tradat
500 939 596 995 nescia,
612 935 688 984 luslus
801 938 843 986 ¹55

64 1011 75 1060 1
78 1014 126 1076 psa
137 1015 194 1063 suos
205 1013 279 1064 tradit
290 1034 297 1064 ι
312 1014 451 1082 blandisque
461 1017 595 1065 miserrima
604 1014 698 1068 verbis,

64 1090 148 1140 Dona
164 1091 207 1143 det
222 1093 265 1145 illa
275 1097 347 1155 viro,
363 1094 470 1146 mandat.
484 1095 559 1160 Capit
574 1095 660 1144 inicius
673 1094 763 1150 beroa,

65 1167 234 1237 induiturque
251 1175 356 1222 humeris
372 1173 473 1222 Lertraeae
483 1175 548 1224 virus
560 1167 684 1220 Echidna.

66 1246 141 1295 Tura
160 1245 234 1296 dabat
251 1251 349 1314 primis,
361 1253 386 1298 bt
398 1250 471 1300 verba
480 1249 601 1314 precantia
614 1281 622 1306 ,
639 1244 743 1294 flammis
755 1260 764 1303 3

66 1323 189 1392 Vinaque
210 1341 355 1376 marmoreas
366 1327 448 1392 pateras
463 1324 579 1376 fundebat
591 1327 615 1372 in
626 1338 694 1381 aras3
801 1333 847 1373 rso

64 1403 180 1453 Incaluit
190 1407 226 1454 vis
243 1403 286 1454 illa
304 1405 377 1463 mali3
389 1405 540 1471 resolutaque
550 1399 659 1452 'flammis

65 1481 208 1530 Herculeos
219 1483 296 1537 abiit,
314 1481 362 1532 late
380 1481 481 1537 diffusa,
493 1499 534 1547 per
546 1492 618 1531 artus.

65 1557 143 1606 Dum
156 1561 253 1623 potuit,
272 1558 343 1608 solita
354 1563 470 1625 gemitum
481 1561 570 1608 virtute
580 1559 697 1624 repressit.

67 1636 145 1685 Victa
165 1636 236 1685 malis
252 1637 303 1702 post
319 1637 393 1703 quarn
409 1639 541 1702 patientia,
558 1636 647 1702 repulit
661 1651 711 1685 aras
720 1667 729 1696 ,

66 1714 238 1781 implevitque
255 1716 301 1764 suis
313 1718 464 1766 nemorosam
474 1717 573 1767 vocibus
585 1716 663 1765 OEten.
800 1711 828 1754 ’ὅ
833 1723 842 1768 5

66 1792 128 1844 Nec
139 1809 210 1842 mora
222 1812 228 1841 t
240 1793 359 1844 letiferam
370 1808 469 1842 conatur
481 1791 587 1842 scindere
597 1793 698 1842 vestem.

67 1867 131 1930 Qui
143 1870 262 1929 trahitur,
283 1872 356 1918 trahit
366 1869 410 1919 illa
420 1883 517 1918 cutem:
531 1867 673 1932 indumque
683 1864 759 1916 relatu
771 1899 780 1926 ‚

66 1948 126 1998 Aut
140 1949 216 1997 haeret
226 1951 340 1997 membris
351 1947 435 1996 frustra
443 1961 534 1995 tentata
543 1944 627 1999 revelli
637 1962 646 2004 3

67 2028 126 2078 Aut
137 2026 229 2076 laceros
245 2041 323 2084 artus,
336 2029 360 2075 δι
372 2023 471 2091 grandia
483 2022 573 2088 detegit
586 2021 645 2073 ossa.

67 2107 129 2171 Ipse
145 2122 233 2164 cruor,
245 2103 326 2170 gelido
343 2119 385 2152 ceu
398 2101 523 2169 quondam
538 2101 628 2150 lamina
641 2099 748 2150 candens
802 2113 858 2156 170-

67 2185 94 2234 T
95 2185 163 2232 inda
184 2183 238 2235 lacu
250 2217 258 2243 ,
278 2179 355 2231 stridit
366 2197 373 2238 3
389 2183 548 2246 coquiturque
559 2177 656 2228 ardente
665 2194 767 2228 veneno.

68 2262 128 2313 Nec
149 2259 237 2310 modus
251 2260 298 2308 est:
313 2259 409 2308 sorbent
424 2255 499 2307 avidae
513 2254 644 2322 precordia
654 2255 777 2310 flamme,
851 2321 855 2326 1

69 2336 248 2401 Caeruleusque
260 2332 314 2383 fluit
334 2347 387 2382 toto
402 2330 432 2381 de
448 2347 548 2397 corpore
560 2327 651 2379 sudore

68 2413 234 2478 Ambustique
250 2413 335 2460 sonant
349 2411 415 2459 nervi
426 2407 548 2472 :caecaque
561 2403 674 2456 medullis

70 2494 144 2544 Tabe
159 2491 308 2558 liquefastis,
322 2485 420 2538 tendens
436 2485 466 2535 ad
482 2484 558 2535 sidera
573 2483 680 2550 palmam
801 2498 842 2547 ¹75

70 2570 196 2624 Cladibus
208 2605 216 2631 ‚
233 2568 366 2624 exclamat,
382 2567 505 2626 Saturnia,
516 2565 609 2629 pascere
620 2564 714 2612 nostris.

70 2653 174 2702 Pascere
183 2667 190 2698 t
199 2653 224 2698 bc
235 2650 296 2697 hauc
307 2645 395 2712 pestem
407 2645 499 2709 speda,
514 2639 616 2694 crudelis
628 2677 636 2702 ‚
653 2643 682 2690 ab
694 2639 744 2690 alto
758 2657 765 2688 e

72 2730 177 2794 Corque
189 2727 268 2777 ferum
280 2726 346 2775 satia.
357 2722 403 2774 Vel
414 2725 433 2772 si
444 2719 590 2772 miserandus
603 2723 628 2769 bt
638 2719 700 2769 hosti
712 2735 721 2778 3

72 2807 156 2859 Hostis
173 2807 240 2854 enim
251 2804 295 2852 tibi
307 2804 373 2862 sum,
390 2799 446 2850 diris
460 2799 603 2849 eruciatibus
614 2813 716 2862 aegram,

71 2885 231 2946 invisamque
252 2883 357 2928 animam
370 2912 378 2937 ,
390 2892 518 2941 natamque
530 2875 670 2934 laboribus,
688 2872 763 2922 aufer.
803 2869 847 2916 ¹30

71 2963 145 3016 Mors
154 2961 217 3014 mihi
228 2973 314 3010 munus
319 2959 363 3008 erit
374 2974 381 3010 a
391 2954 460 3010 dccet
468 2957 518 3004 haec
525 2951 580 3006 dare
587 2949 651 3002 dona
659 2967 795 3003 novercam.

243 3045 246 3054 ¹
637 3030 689 3084 liv
