2078 3708
236 245 300 306 162
402 237 445 304 P.
477 239 629 305 Ovrnrr
653 237 849 304 NAsorrrs

262 359 362 410 Talibus
372 373 443 424 atque
452 360 505 408 aliis
515 359 615 423 longum
626 359 773 407 sermonibus
787 357 828 406 illi

229 437 362 504 Implevere
379 435 461 488 diem:
476 437 534 486 lutis
545 455 597 501 pars
608 436 694 484 ultima
704 438 791 484 mensae

229 517 271 566 Est
289 515 359 574 data,
371 533 419 565 noa
436 518 533 565 sernum.
544 515 615 563 iubar
626 531 709 562 aureus
721 514 841 562 extulerat
858 509 916 562 Sole

230 595 315 644 Flabat
329 593 407 644 adhuc
417 594 506 652 Eurus,
526 591 675 658 redituraque
690 593 743 642 vela
754 593 863 640 tenebat.

182 683 226 736 665
238 672 268 724 ld
287 672 422 739 Cephalum
435 672 541 722 Pallante
557 673 615 724 sati,
627 674 666 718 cui
676 668 790 734 grandior
801 685 876 723 etas,

230 750 354 817 Adregem
362 751 500 816 Cephalus,
510 749 581 800 simul
593 754 618 798 &
630 749 735 798 Pallante
746 751 822 798 creati

230 829 387 882 Conveniunt
397 849 404 878 r
415 829 455 879 sed
463 827 542 878 adhuc
551 845 633 893 regem
642 829 713 891 sopor
722 826 785 874 altus
795 825 911 874 habebar.

230 907 325 974 Excipit
342 907 450 960 AEacldes
460 907 517 956 illos
526 911 552 955 in
568 907 652 954 limine
663 906 772 953 Phocus:

230 985 296 1035 Nam
314 985 433 1034 Telamon
444 984 563 1050 fraterque
575 988 640 1034 viros
653 981 685 1034 ad
694 982 757 1030 bella
769 981 894 1046 legebant.

185 1064 326 1116 crophocus
335 1065 361 1111 in
374 1065 472 1110 interius
485 1064 586 1127 spatium
601 1061 760 1127 pulchrosque
775 1057 881 1108 recessus

231 1139 380 1205 Cecropidas
401 1137 484 1190 ducite
495 1156 551 1189 cum
565 1139 620 1205 quis
629 1141 699 1190 simul
709 1141 758 1205 ipse
768 1137 867 1190 resedit.

229 1219 323 1282 Aspicit
338 1215 452 1268 AEoliden
465 1218 550 1282 ignoti
559 1235 587 1266 err
601 1220 683 1268 arbore
694 1218 782 1266 fadum

231 1296 301 1346 Ferre
317 1313 390 1346 mmu
398 1296 521 1361 jaculum,
540 1300 607 1360 eujus
623 1295 669 1344 fuit
680 1313 748 1344 aurea
761 1296 850 1360 cuspis.

231 1374 308 1424 Pauca
320 1373 384 1440 priris
398 1371 484 1424 mediis
498 1375 645 1422 sermonibus
658 1373 700 1422 ille
718 1373 833 1430 locutum

183 1454 289 1510 ‘nium
298 1469 425 1502 nemorum
436 1451 567 1511 studiosus,
580 1454 614 1502 ait
625 1485 633 1510 ,
645 1449 762 1516 cadisque
773 1451 872 1510 ferinas

231 1531 287 1590 Qua
296 1545 376 1580 tamen
386 1547 399 1578 e
410 1529 470 1578 silvai
480 1545 560 1579 teneas
570 1529 652 1578 hastile
662 1531 762 1578 recisum
772 1564 781 1588 ,

229 1608 282 1656 Jam
293 1605 386 1657 dudum
397 1606 483 1656 dubito
494 1627 500 1656 :
513 1608 589 1663 certe,
609 1611 627 1656 si
639 1607 742 1656 fraxinus
753 1605 827 1666 elset,

229 1685 304 1736 Fulva
315 1685 397 1736 colore
408 1685 471 1736 foret
483 1705 490 1735 a
502 1690 522 1735 si
540 1703 645 1744 cornus,
660 1683 736 1734 nodus
747 1681 843 1734 inesset.

230 1761 301 1812 Unde
320 1766 367 1823 sit,
382 1767 469 1830 ignoro
478 1762 534 1814 :sed
545 1781 596 1814 non
605 1759 735 1814 ¹formosius
745 1763 790 1810 isto

183 1841 350 1892 sloviderunt
362 1843 427 1892 oculi
435 1843 511 1892 telum
521 1843 647 1908 jaculabile
657 1842 739 1892 nostri.

231 1923 325 1988 Excipit
339 1925 420 1971 Antis
435 1922 569 1971 efrarribus
580 1921 654 1980 alter,
672 1925 714 1980 &‚
733 1919 810 1970 Usum

231 1999 350 2066 Majorem
369 2003 445 2066 specie
460 2003 596 2058 mirabere,
615 1999 694 2059 dixit,
710 2003 736 2048 in
747 1999 801 2050 isto.

231 2077 409 2146 Consequitur,
422 2078 591 2145 quodcumque
601 2081 677 2141 petits
690 2075 947 2143 fortunaque-misum

230 2156 288 2206 Non
298 2161 358 2222 regit
367 2177 372 2205 :
381 2160 405 2204 δε
417 2157 522 2214 revolat,
533 2155 602 2205 nullo
613 2155 743 2211 referente,
761 2171 900 2206 cruentum.

138 2281 140 2286 .
183 2222 212 2271 ⁶3
218 2235 295 2285 5Tum
305 2232 363 2283 verb
373 2237 464 2293 juvenis
476 2234 577 2285 Nereius
588 2237 671 2286 omnia
681 2237 784 2300 querite

231 2310 283 2363 Cur
301 2316 347 2372 sit,
358 2315 383 2360 bt
400 2310 463 2361 unde
481 2309 564 2361 datum
577 2331 585 2372 3
598 2315 651 2378 quis
667 2316 727 2362 tanti
738 2315 843 2362 muneris
859 2315 946 2362 audior.

231 2389 291 2450 Quae
301 2393 376 2456 petit,
399 2390 440 2440 ille
451 2389 538 2439 refert:
551 2389 608 2450 sed,
628 2407 681 2458 quae
699 2405 792 2441 narrare
798 2389 892 2456 pudori
901 2391 947 2452 est,

231 2467 285 2526 Qua
303 2469 385 2517 tulerit
401 2466 525 2530 mercede,
543 2468 614 2518 silet:
628 2471 748 2534 sanusque
765 2467 853 2518 dolore

230 2543 348 2610 Coniugis
359 2544 464 2606 amisse,
482 2547 592 2609 lacrymis
603 2551 637 2596 ita
647 2547 711 2596 fatur
725 2548 826 2596 obortis.

182 2633 244 2680 690.
263 2621 316 2671 Hoc
330 2639 385 2683 me,
406 2639 461 2672 nate
472 2623 539 2684 Dea,
557 2630 609 2694 quis
620 2627 694 2690 possit
705 2623 817 2676 credere?
829 2625 906 2674 telum

230 2697 297 2748 Flere
316 2699 386 2759 satit,
406 2696 525 2770 sucie'tque
536 2702 593 2764 diu5
604 2707 623 2752 si
637 2707 717 2754 vivere
727 2705 797 2752 nobis
855 2759 858 2769 Ι

231 2777 288 2826 Fata
305 2775 345 2826 diu
355 2777 474 2830 dederint.
490 2779 544 2830 Hoc
555 2799 593 2830 me
605 2798 660 2830 cum
673 2785 775 2846 conjuge
785 2780 842 2830 carl

230 2851 337 2904 Perdidit
348 2873 355 2903 e
365 2858 412 2905 hoc
431 2862 522 2910 utinam
537 2856 660 2910 caruissem
675 2875 773 2909 munere
791 2861 904 2932 semper!

231 2931 323 2984 Procris
333 2947 403 2993 σκαιῇ
423 2937 442 2984 si
461 2936 523 2990 forte
537 2940 612 3006 magis
630 2940 737 3006 pervenit
752 2935 783 2990 ad
798 2953 868 2990 autes
