2056 3706
136 242 569 314 Murruortrrrosuou
593 243 630 312 1„
654 244 725 312 III.
765 251 810 330 67

84 359 137 412 Hic
154 369 231 414 toties
244 364 322 415 adme
334 367 442 430 resupino
454 368 538 414 nititur
550 382 602 414 ore.

88 439 161 490 Poffe
166 459 235 508 putes
244 448 307 510 tangi
315 463 321 492 ι
328 447 457 492 minimum
463 445 504 503 est,
513 441 581 510 quod
587 443 721 496 amantibus
728 441 812 491 obstat.

91 515 206 584 Quisquis
223 539 247 569 es
259 557 267 580 ‚
278 524 325 570 huc
339 525 374 570 exi
387 541 393 570 :
405 520 528 588 quidme,
541 539 599 587 puer
613 525 698 580 unice,
710 520 789 569 fallis?

93 594 177 654 Quive
187 604 276 663 petitus
290 601 356 651 abis?
367 597 480 650 certinec
492 599 572 648 forma
581 634 589 656 ‚
599 615 642 647 nec
654 613 709 646 aeras
814 595 862 643 455

89 671 129 720 Est
136 669 362 742 mea,quamfugias
372 681 411 736 3&
418 677 529 734 nmirum
536 693 576 725 me
583 692 679 741 quoque
686 675 815 740 Nympha.

89 750 160 815 Spem
171 757 233 810 mihi
245 756 411 820 nescioquam
423 755 494 804 vultu
505 755 729 818 promittisamic05

88 826 202 896 Cumque
215 823 259 898 ego
272 836 370 897 porrexi
382 833 427 882 tibi
435 834 532 880 brachia
542 866 550 891 ,
562 833 663 896 porrigis
671 830 751 888 uitro;

86 903 154 954 Cum
166 911 207 956 risi
220 945 227 968 ‚
243 909 351 958 arrides:
365 909 482 972 lacrymas
490 925 587 975 quoque
596 911 656 974 saepe
666 911 766 967 notavi,

87 982 130 1032 Me
145 985 311 1049 lacrymante,
331 1001 382 1036 tuas
394 1003 472 1036 :nuru
485 1003 583 1056 quoque
601 989 667 1052 signa
680 987 797 1041 remitum
815 979 866 1034 4⁸⁰

89 1059 137 1118 Er,
151 1079 270 1126 quantum
283 1079 355 1115 motu
367 1064 468 1116 formosi
479 1066 584 1128 suspicor
595 1066 660 1123 oris,

90 1137 174 1188 Verba
190 1141 279 1198 refers,
295 1158 364 1189 aurei
376 1157 426 1190 non
440 1144 603 1206 pervenientia
613 1140 711 1190 nostras.

95 1214 124 1264 ln
144 1231 168 1264 te
180 1233 227 1281 ego
238 1219 290 1266 surn
303 1253 311 1276 ,
330 1219 405 1266 sensi:
418 1235 461 1268 nec
473 1235 511 1266 me
524 1235 577 1268 mea
588 1218 651 1267 fallit
662 1221 751 1284 imago.

96 1291 162 1341 Uror
177 1310 259 1344 amore
275 1298 324 1344 mei
335 1313 341 1344 r
351 1294 460 1346 flammas
473 1311 608 1364 moveoque
625 1295 730 1361 feroque.
813 1310 859 1362 μς

95 1369 160 1430 Quid
172 1371 258 1421 faciam
268 1377 367 1438 iroger,
375 1390 434 1422 anne
444 1377 538 1438 rogem?
548 1373 606 1440 quid
617 1372 703 1423 deinde
711 1375 811 1443 rogaho?

91 1446 165 1506 Quod
177 1453 249 1514 cupio
257 1467 353 1499 mecum
367 1451 415 1500 est:
426 1455 523 1515 inopem
535 1469 574 1500 me
585 1455 655 1516 copia
663 1451 731 1506 fecit.

89 1527 132 1576 ΟΞ
155 1531 247 1577 utinam
266 1529 347 1584 nostro
363 1527 470 1578 secedere
481 1547 582 1594 corpore
593 1527 698 1594 possem!

89 1605 180 1655 Votum
190 1609 216 1655 in
224 1623 319 1656 amante
327 1624 418 1656 novum
431 1607 545 1667 :vellem
557 1606 625 1674 quod
637 1623 760 1669 amamur,
772 1609 865 1666 abesset

87 1683 186 1750 Jamque
199 1683 272 1734 dolor
291 1689 352 1735 vires
364 1685 450 1735 adimit
459 1703 516 1735 :nec
527 1702 637 1750 tempora
648 1689 705 1736 vitre

87 1761 172 1827 Longu
186 1779 244 1816 meae
258 1765 384 1832 inpetunt,
395 1767 520 1831 primoque
531 1764 666 1828 exstinguor
681 1767 706 1811 in
718 1779 779 1814 revo.
813 1784 864 1829 47²

86 1840 141 1892 Nec
160 1843 221 1889 mihi
231 1857 298 1889 mors
314 1845 391 1904 gravis
405 1841 453 1894 est,
468 1845 575 1902 pouit—uro
590 1857 666 1888 morte
680 1838 787 1894 doloret.

87 1918 135 1968 Hic
147 1955 155 1979 ,
175 1922 216 1985 qui
227 1918 358 1983 diligitur,
370 1917 460 1966 veiiern
471 1915 605 1965 diuturnior
621 1915 693 1973 effere

87 1995 159 2045 Nunc
171 1995 221 2045 duo
233 1993 369 2045 concordes
381 1994 463 2043 animi
472 1997 604 2042 moriemur
615 1995 640 2042 in
651 2009 705 2043 uun.

87 2075 155 2124 Dixit
168 2111 177 2134 ‚
196 2079 221 2124 δε
233 2074 363 2124 adfaciem
375 2071 447 2121 rediit
457 2071 520 2120 maii
534 2072 601 2120 sanus
619 2069 748 2130 eumdemr,

87 2153 119 2204 Et
129 2154 240 2216 lacrymis
253 2154 361 2201 turbavit
372 2167 445 2219 aquas
458 2168 465 2197 r
477 2151 622 2216 obscuraque
632 2163 702 2199 moto
810 2173 857 2218 475

87 2230 191 2282 Reddita
208 2231 289 2279 forma
306 2229 360 2276 lacu
370 2229 410 2276 est.
424 2227 502 2287 Quam
513 2225 566 2276 crim
578 2225 672 2278 vidiffer
681 2228 760 2285 ibim

89 2311 145 2370 Quo
161 2311 239 2374 fugis?
252 2307 268 2357 ὂ
281 2308 287 2357 i
299 2323 393 2356 remane
403 2324 410 2364 3
420 2322 462 2354 nec
473 2323 525 2364 me,
537 2304 657 2362 crudelis,
672 2321 792 2354 amantem

88 2389 176 2438 Desere
189 2421 197 2446 ,
214 2388 329 2438 clamavit
340 2403 346 2432 :
359 2385 446 2444 liceat,
464 2382 532 2450 quod
550 2399 646 2447 tangere
662 2382 776 2442 nonest,

88 2468 196 2532 Aspicere
206 2485 211 2514 z
221 2470 245 2514 δι
258 2467 347 2516 misero
361 2464 463 2528 praebete
478 2461 591 2510 alimenta
604 2461 688 2510 furori.

89 2543 200 2610 Dumque
212 2541 295 2602 dolet,
308 2540 402 2590 summi
413 2539 500 2591 vestem
510 2537 608 2590 deduxit
620 2541 652 2588 ab
661 2555 722 2601 orer²
809 2533 860 2590 4530

88 2622 206 2688 Nudaque
218 2623 358 2670 marmoreis
370 2622 482 2685 percurrit
493 2621 585 2684 pestora
597 2617 692 2682 palmis.
916 2615 918 2621 '

89 2701 183 2750 Peuma
195 2714 315 2750 traxerunt
327 2714 421 2748 tenuem
433 2695 537 2762 percusse
548 2700 671 2746 ruborem.

90 2777 148 2827 Nou
165 2779 231 2827 aliter
241 2779 316 2843 quim
327 2792 400 2842 poma
416 2776 509 2833 solent,
522 2791 575 2840 quae
592 2771 693 2822 candida
706 2787 793 2838 parte,

91 2856 160 2904 Parte
175 2857 275 2905 rubente
288 2870 329 2904 aut
344 2869 371 2903 ut
385 2856 456 2904 variis
465 2853 526 2901 solet
542 2869 587 2900 uva
598 2852 698 2898 racemis
728 2869 732 2874 ·

92 2933 186 2994 Ducere
196 2949 354 3006 purpureum,
375 2929 484 2987 nundum
495 2945 604 2990 matura,
618 2927 737 2981 colorem·
810 2919 857 2986 rii
