2036 3714
111 267 542 346 Mammosrrros'uon
555 281 593 348 L
615 283 805 374 VIII.„2191

85 387 182 454 Aspicit
193 394 275 454 bunc,
289 396 424 465 Mentisque
439 403 484 466 pise
504 419 561 468 cape
573 408 687 468 premia,
708 407 768 460 dixit
790 427 794 433 ’

86 464 229 520 Thelsalus:
237 474 309 538 inque
323 477 401 525 virum
419 482 539 530 convertit
551 482 580 530 ab
592 483 676 532 arbore
688 484 793 547 ferrum,

83 541 272 614 Derruncarque
291 567 378 616 caput3
391 558 537 622 repetitaque
548 560 634 606 robora
648 559 728 610 cardis.

81 620 174 674 Editus
186 625 288 678 emedio
298 631 368 680 sonus
379 630 412 680 est
424 648 479 684 cum
492 636 578 684 robore
594 636 648 687 ralis
811 659 859 703 770

83 698 207 766 Nympha
217 705 260 752 sub
274 707 377 771 hoeego
389 709 440 757 sum
452 745 459 769 ,
471 709 552 760 Cereri
563 717 713 777 gratissima,
725 716 808 783 liguo:

83 775 149 836 Quae
166 779 211 826 tibi
222 777 339 830 fastorum
350 799 432 846 prunas
444 785 528 836 instare
540 801 639 840 tuorum

82 855 217 906 Vaticinor
232 861 357 919 moriens,
377 862 449 910 nostri
461 862 546 914 solaria
562 865 616 916 leti.

82 929 240 997 Persequitur
251 933 326 982 scelus
337 934 378 983 ille
388 937 648 1008 suumclabefastaque
661 942 758 994 tandem
788 1001 790 1006 ,

70 1006 177 1058 :leubus
194 1011 343 1064 innumeris,
357 1009 504 1080 addusiaque
515 1013 611 1068 funibus
624 1019 694 1069 arbor
810 1041 855 1087 775

83 1084 208 1146 Corruit,
229 1088 367 1138 &multam
386 1091 510 1155 prostravit
528 1092 633 1158 pondere
648 1096 742 1147 silvam.

82 1164 205 1214 Attonitae
223 1165 331 1228 Dryades
342 1165 430 1218 damno
441 1174 592 1236 nemorisque
603 1173 711 1238 suoque,

83 1243 182 1292 Omnes
192 1261 327 1309 germane,
346 1245 459 1296 Cererem
471 1265 525 1296 cum
537 1249 638 1298 vestibus
650 1255 706 1300 atris

81 1321 216 1372 Maerentes
227 1321 331 1382 adeunt,
350 1340 494 1390 poenamque
509 1325 680 1377 Erisichthonis
692 1347 770 1381 orant.

83 1397 180 1450 Annuit
190 1402 238 1448 his:
246 1401 376 1466 capitisque
387 1402 421 1450 sui
432 1399 592 1466 pulcherrima
600 1421 669 1454 motu
678 1441 686 1466 ,

83 1475 219 1528 Concussit
229 1478 332 1544 gravidis
349 1497 459 1532 oneratos
471 1485 586 1532 messibus
597 1501 668 1549 agros
680 1503 687 1534 s

84 1553 240 1624 Moliturque
250 1573 323 1620 genus
341 1575 417 1623 poenae
432 1561 581 1622 miserabile,
596 1565 615 1610 si
626 1579 676 1612 non

85 1631 131 1680 llle
153 1635 200 1682 suis
212 1631 269 1682 esset
278 1633 340 1684 nulli
357 1637 496 1686 miserabilis
509 1641 584 1698 aslis,

86 1709 202 1758 Pestiferi
212 1711 314 1762 lacerare
324 1713 404 1762 Fame.
417 1714 475 1776 Quae
486 1732 601 1782 quatenus
612 1717 657 1781 ipsi

86 1787 146 1836 Non
157 1787 267 1840 adeunda
277 1789 335 1838 Deae
345 1825 352 1850 ,
363 1807 439 1857 neque
451 1796 515 1840 enim
528 1792 790 1862 Cereremqssamemq
799 1801 853 1861 3785

86 1863 146 1919 fata
164 1868 228 1914 coire
240 1869 339 1927 sinunt,
351 1871 461 1916 montani
471 1873 575 1918 numinis
587 1887 659 1920 unam

87 1939 189 1988 Talibus
204 1941 318 2006 agrestem
328 1943 460 2006 compellat
472 1979 480 2002 ,
492 1941 601 2002 Oreada,
614 1944 691 1995 disiis.

118 2015 161 2064 Est
178 2017 245 2066 locus
256 2024 366 2068 extremis
378 2021 480 2081 Scythiae
491 2019 599 2084 glatialis
611 2025 636 2070 in
651 2027 716 2072 orist

70 2110 75 2115 ·
86 2094 165 2147 Triste
176 2095 273 2156 solum,
284 2097 381 2156 sterilis,
391 2101 441 2146 sine
452 2097 519 2163 fruge
530 2135 538 2158 ,
550 2103 600 2148 sine
611 2102 695 2151 arbore
706 2139 715 2164 ,
727 2105 804 2156 tellus.

87 2170 171 2236 Frigus
188 2177 250 2222 iners
261 2173 312 2224 illic
324 2165 449 2236 babitans,
470 2175 611 2242 Pallorque,
629 2179 795 2248 Tremorque,
809 2211 855 2257 790

86 2248 118 2301 Es
128 2253 211 2314 jejuna
231 2252 323 2300 Fames.
336 2251 369 2300 Ea
377 2253 400 2300 se
411 2255 436 2300 in
445 2253 575 2318 praecordia
586 2253 675 2306 condat

86 2330 203 2394 Sacrilegi
214 2330 326 2379 scelerata
337 2365 346 2390 ,
362 2332 418 2394 jube
429 2351 434 2381 :
447 2348 491 2380 nec
506 2335 575 2397 copia
586 2350 666 2384 retum
819 2404 820 2408 Ἰ

86 2403 176 2455 Vincat
190 2421 260 2462 eam,
283 2407 422 2471 superetque
436 2424 500 2456 meas
512 2412 642 2458 certamine
653 2413 726 2460 vires.

86 2480 155 2531 Neve
165 2485 211 2531 viae
228 2483 330 2549 spatium
347 2497 369 2532 te
387 2499 492 2542 terreat,
511 2488 590 2550 accipe
608 2503 693 2536 curru:

87 2559 196 2624 Accipe,
209 2576 269 2625 quos
287 2559 358 2610 frenis
372 2559 418 2608 alti
435 2559 578 2623 moderere,
597 2561 720 2616 dracones.
808 2597 852 2644 795

86 2637 119 2689 Et
136 2638 214 2688 dedit.
233 2639 278 2688 Ille
289 2637 346 2688 dato
357 2640 465 2688 subvecta
476 2657 517 2704 per
530 2646 583 2692 a'e'ra
594 2659 663 2692 curru

87 2717 195 2770 Devenit
212 2720 239 2766 in
250 2720 371 2780 Scythiam
381 2736 386 2766 r
396 2716 514 2784 rigidique
526 2723 650 2768 cacumine
665 2724 772 2784 montis,

88 2797 218 2856 Caucason
239 2797 358 2864 appellant
369 2832 378 2856 ,
389 2795 523 2862 serpenttim
533 2797 598 2846 colla
609 2797 710 2850 leuauit:

89 2874 269 2941 Quaesitamquc
286 2877 384 2924 Famem
396 2873 504 2938 lapidoso
515 2873 576 2924 vidit
585 2878 610 2924 in
620 2892 693 2942 agro,
753 2933 756 2942 y

88 2951 217 3018 Unguibus
239 2957 264 3004 δι
281 2955 338 3004 ratis
350 2952 481 3006 vellentem
492 2950 602 3002 dentibus
611 2956 704 3006 herbas.
776 2954 783 3030 J
810 2951 857 3001 800

809 1431 857 1490 730
