2056 3706
175 254 328 348 '2212
360 251 569 320 Ournrr
603 243 830 312 Nasonis

215 381 275 432 Non
290 377 363 431 dare,
380 374 525 438 suspetium:
535 365 612 434 pudor
626 364 675 424 est,
689 363 730 428 qui
743 355 838 408 suadeat
849 349 932 408 illinet

217 462 281 510 Hine
291 452 409 516 diffundet
422 466 498 500 arnor.
510 447 591 496 Vilius
604 440 683 510 pudor
699 434 757 488 eilet
767 449 865 485 amore:

166 534 279 596 saned,
298 535 350 584 leve
360 534 379 582 si
389 545 476 580 munus
491 527 559 576 socia
571 523 708 588 generisque
718 518 812 580 torique

217 617 297 665 Vacca
314 623 439 676 negaretur
451 625 459 668 ς
473 617 567 672 poterat
580 617 630 650 non
640 614 712 649 vacca
723 592 809 645 uideri.

217 692 305 742 Pellite
319 687 426 747 donati,
441 701 491 736 nort
502 684 610 748 protinus
621 679 686 727 exuit
696 689 794 724 omnem

217 771 281 820 Diva
291 783 383 818 metum
392 785 398 816 r
408 766 535 829 timuitque
545 761 628 810 Jovern
640 792 647 816 ,
660 759 684 804 δι
696 754 742 802 fuit
751 751 819 800 anxia
830 744 902 803 furti3

218 849 304 898 Donec
320 839 459 896 Arestoridz
472 836 610 890 servandam
622 829 721 884 tradidit
731 833 804 894 Argo.

173 927 216 975 ⁶²5
221 923 328 977 Centum
342 921 472 972 luminibus
484 920 589 967 tiniium
606 926 676 978 caput
688 911 762 974 Argus
780 903 883 954 habebat
896 918 902 948 ι

221 1003 279 1054 inde
297 1005 343 1052 suis
362 1001 453 1050 vicibus
470 995 595 1062 capiebant
611 995 668 1042 bina
682 991 802 1054 quietern:

221 1084 308 1134 Cetera
322 1079 464 1134 servabant,
482 1090 553 1140 atque
565 1074 591 1120 in
608 1070 707 1119 statione
718 1063 855 1113 manebant.

221 1159 368 1212 Constiterat
381 1169 534 1222 quocumque
550 1146 643 1208 modo,
659 1144 775 1211 spesiabat
785 1138 816 1188 ad
832 1139 873 1186 lo:

223 1239 284 1288 Ante
301 1236 386 1286 oculos
407 1231 573 1297 Io‚'quamvis
587 1227 697 1283 aversus,
713 1221 824 1270 habebat.

175 1317 287 1368 ⁶30Luee
304 1317 361 1362 sinit
372 1313 434 1376 pasci
447 1328 452 1358 :
467 1309 522 1358 crim
532 1306 574 1356 Sol
590 1304 674 1354 tellure
688 1301 730 1350 sub
742 1297 791 1348 alta
807 1295 857 1354 est,

223 1389 340 1451 Claudit,
356 1394 380 1439 δι
392 1386 492 1451 indigno
504 1381 637 1433 circumdat
646 1377 744 1438 vincula
755 1375 831 1427 colla.

224 1467 358 1520 frondibus
376 1466 494 1522 arbuteis,
511 1465 536 1511 bc
548 1459 628 1510 arnarai
638 1460 741 1525 pascitur
751 1451 824 1504 berbi
836 1469 842 1499 t

224 1550 318 1614 Proque
334 1562 408 1604 roro,
426 1557 509 1601 terra,
525 1556 575 1590 non
593 1541 683 1604 semper
696 1549 794 1601 gramen
804 1525 901 1580 habenti
909 1559 920 1588 ,

224 1627 324 1678 Incubet
340 1623 442 1680 infelix,
461 1620 594 1684 limosaque
611 1615 712 1666 flumina
728 1625 805 1678 potat.

177 1703 220 1754 ⁶35
227 1705 271 1752 illa
290 1705 362 1752 etiam
373 1699 470 1765 supplex
484 1698 549 1762 Argo
564 1696 619 1746 crim
631 1695 726 1744 brachia
738 1689 812 1740 vellet

225 1776 354 1838 Tendere;
370 1794 418 1828 non
430 1773 531 1830 habuit,
547 1789 600 1840 quae
617 1774 713 1822 brachia
729 1765 834 1820 tenderet
845 1763 925 1828 Argue

225 1857 371 1922 Conatoque
382 1857 449 1922 queri
465 1856 570 1918 mugitus
581 1849 657 1902 edidit
668 1866 724 1898 orer

225 1935 398 2000 Pertimuitque
416 1935 502 1982 sonos:
516 1929 658 1998 propriique
671 1928 781 1978 exterrita
794 1939 853 1975 voce
867 1919 907 1970 est.

225 2013 335 2062 Venit&
348 2009 379 2062 ad
389 2014 450 2077 ripas
462 2045 470 2071 ‚
490 2011 531 2060 ubi
543 2007 622 2058 ludere
635 2009 694 2071 sape
705 2005 813 2063 solebat,

179 2088 351 2147 resinarhtdas
363 2093 424 2153 ripas
437 2107 443 2136 :
455 2103 565 2152 novaque
576 2101 602 2136 ut
618 2084 741 2148 conspexit
758 2085 784 2130 in
797 2077 862 2130 undl
954 2119 955 2122 ,

226 2168 341 2224 Cornua,
359 2168 501 2230 pertimuit,
519 2166 590 2230 seque
605 2176 725 2212 externata
742 2160 840 2224 refugit.

226 2241 316 2292 Naides
330 2245 458 2308 ignorant,
470 2246 565 2306 ignorat
579 2246 603 2292 bt
614 2241 714 2292 Inachus
728 2241 794 2305 ipse,

227 2321 286 2380 Quae
295 2323 342 2368 sir:
357 2335 381 2368 at
392 2319 435 2368 illa
444 2335 535 2384 patrem
549 2319 665 2384 sequitur,
673 2320 824 2384 sequiturque
834 2317 941 2364 sorores:
1021 2297 1022 2316 ³

227 2395 258 2446 Et
278 2401 367 2462 patitur
385 2399 465 2463 tangi,
482 2399 552 2462 seque
571 2393 742 2460 admirantibus
758 2393 840 2444 offert.

180 2475 356 2540 ⁶45Deeerptas
372 2477 450 2526 senior
466 2491 600 2541 porrexerat
614 2477 714 2526 inachus
730 2475 831 2525 herbas:

228 2554 274 2603 illa
289 2569 374 2604 manue
392 2554 495 2614 lambit,
511 2557 639 2620 patriisque
655 2551 698 2602 dat
712 2551 793 2602 oscula
807 2549 909 2615 palmis,

228 2631 281 2682 Nec
296 2633 383 2681 retinet
396 2631 512 2694 lacrymas
524 2649 531 2678 ι
544 2635 583 2688 δι,
599 2635 617 2680 si
629 2629 705 2680 modb
716 2630 787 2684 verba
797 2629 940 2693 sequantur,

229 2709 290 2758 Oret
301 2725 373 2774 opem
387 2725 396 2768 ς
412 2724 547 2774 nomenque
559 2711 644 2764 suum,
661 2710 772 2774 casusque
789 2705 909 2772 loquatur.

230 2786 309 2835 Litera
322 2803 366 2850 pro
384 2787 478 2846 verbis,
490 2803 563 2854 quam
575 2804 615 2852 pes
634 2790 659 2836 in
670 2786 766 2852 pulvere
778 2783 862 2845 ducit,

181 2865 209 2918 65
214 2862 345 2928 0Corporis
363 2861 481 2916 indicium
492 2867 578 2914 mutati
592 2865 654 2914 triste
665 2868 764 2932 peregit.

230 2941 273 2992 Me
280 2943 409 2992 miserum!
421 2943 538 2994 exclamat
547 2957 614 3008 pater
623 2943 723 2998 Inachus
734 2944 824 3010 :inque
828 2941 942 3008 gementis
