2036 3714
187 285 192 304 ‘
224 275 290 362 278
369 268 414 340 P.
435 269 591 338 Ournrr
609 269 812 338 Nrsortrs
897 271 904 287 ’

221 393 343 444 Maximus
354 391 427 440 ebuis
437 403 492 440 aeas
504 391 567 439 incer
576 391 737 454 juvenemque
748 389 897 452 senemque,

173 471 265 524 ⁴⁶iVis
280 469 391 536 juvenilis
404 503 413 529 ,
425 470 623 522 eratavariabant
634 483 746 533 tempora
755 469 822 516 cani.
835 497 840 506 ·

222 549 270 609 Qui
281 547 384 614 clypeo,
400 547 529 613 galeique,
541 545 734 612 Macedoniique
744 545 832 594 farisei

222 627 390 693 Conspicuus,
401 625 535 692 faciemque
544 627 690 676 obversusin
698 640 789 690 agmen
797 639 939 688 utrumque,

222 707 343 772 Armaque
354 708 490 764 concussit,
503 719 643 770 certumque
651 705 771 769 equitavit
785 705 813 750 in
822 703 926 760 orbem,

222 785 349 850 Verbaque
360 799 398 834 tot
407 782 471 834 fudit
480 799 566 834 vacuas
576 785 697 834 animosus
706 785 733 832 in
742 798 823 831 auras.

172 861 253 920 470Et
264 877 306 922 te,
324 863 407 922 Caeni,
419 863 514 914 feram?
528 879 587 912 nam
597 877 624 910 m
637 865 698 912 mibi
708 860 803 910 femina
815 861 924 925 semper,

223 941 261 990 Tu
272 943 333 990 mihi
341 940 422 991 Canis
429 945 483 990 eris.
495 941 581 990 Necte
588 940 674 992 netelis
684 942 755 1004 origo

222 1019 377 1070 Comminuit
387 1027 396 1072 i
406 1034 561 1086 mentemque
572 1021 655 1080 subis,
668 1034 720 1084 quo
730 1019 833 1084 premia
845 1016 925 1078 fatto,

222 1099 323 1166 Quique
333 1103 378 1149 tiri
389 1098 476 1149 falsam·
483 1099 587 1164 speciem
599 1096 709 1148 mercede
719 1096 830 1162 pararis?

222 1179 268 1227 Vel
280 1213 288 1239 ,
300 1177 360 1246 quid
373 1193 445 1233 nata,
457 1175 578 1237 vide,vel
589 1175 649 1242 quid
658 1179 688 1226 sis
699 1171 765 1241 palla
777 1195 784 1224 ι
794 1174 938 1238 columque,

173 1259 204 1304 47
209 1253 249 1313 il,
260 1269 317 1318 cape
330 1269 386 1302 curn
396 1253 513 1312 calathis,
527 1256 551 1301 bc
564 1252 664 1302 stamina
672 1251 761 1317 pollice
774 1266 879 1317 torque,

221 1331 288 1382 Bella
303 1333 412 1399 relinque
421 1333 487 1382 viris.
499 1331 600 1380 laetanti
610 1330 782 1381 taliaCaeneue

221 1407 353 1460 Extcntum
361 1413 431 1460 cursu
442 1408 514 1458 missi
524 1409 585 1459 latus
595 1413 656 1459 eruit
665 1409 730 1460 hasti
740 1445 748 1469 ,

221 1487 277 1548 Qud
289 1491 327 1538 vie
342 1505 409 1554 equo
423 1485 564 1538 commilites
574 1503 632 1538 erat·
647 1489 713 1537 Furit
727 1487 770 1538 ille
789 1485 895 1549 dolore,

221 1565 341 1632 Nudaque
352 1566 445 1629 Phyllea
456 1570 548 1631 irruenis
560 1567 616 1616 feris
626 1583 668 1616 ora
682 1565 774 1618 larissi-

172 1639 279 1699 480N0n
288 1646 354 1693 secut
362 1647 414 1694 hec
423 1644 514 1705 resilit,
532 1645 607 1712 quim
618 1647 698 1696 teelia
712 1646 822 1694 culmine
831 1643 937 1712 grando,

221 1725 270 1775 Aut
281 1727 301 1772 si
313 1726 367 1789 quis
375 1739 450 1789 parvo
461 1722 534 1773 feriat
542 1741 601 1774 cava
612 1739 727 1789 tympana
737 1727 806 1775 saxo.

222 1801 341 1852 Cominus
351 1799 501 1867 aggreditur,
514 1803 629 1869 laterique
640 1800 770 1852 recondere
781 1801 847 1852 duro

221 1882 333 1930 Lustacur
347 1879 455 1947 gladium
467 1899 473 1930 a
486 1881 568 1946 gladio
580 1881 634 1932 loca
648 1885 729 1946 pervia
744 1898 795 1931 non
807 1883 872 1930 sunt.

172 1947 293 2010 eirflaud
309 1975 390 2010 tamen
401 1958 499 2026 effugies
511 1979 518 2009 ε
531 1960 613 2010 medlo
624 1961 770 2027 iugulaberis
784 1962 857 2020 ense,

173 2035 377 2104 Quandoquidem
388 2055 472 2088 mucro
480 2039 514 2088 est
524 2041 605 2100 hebes,
617 2043 709 2105 inquit;¹
716 2043 741 2088 bt
750 2043 776 2088 in
788 2040 850 2089 latus
861 2041 936 2088 ensem

221 2115 355 2182 Obliquat,
372 2117 491 2183 longique
507 2117 657 2182 ampleffltur
670 2119 712 2168 ilia
732 2116 824 2168 ducti.

114 2235 116 2240 ,
220 2193 293 2258 Plaga
307 2194 365 2242 facit
375 2199 494 2260 gemitus,
511 2211 554 2244 ceu
565 2211 667 2261 corpere
680 2198 809 2246 marmoris
823 2198 865 2245 ini
873 2213 885 2254 3

220 2270 348 2338 Fractaque
354 2269 458 2322 dissiluit
468 2271 576 2338 percuffo
587 2275 676 2324 lamina
685 2275 762 2324 collo.

220 2347 255 2398 Ut
271 2351 326 2398 satie
336 2351 423 2401 lllaelos
437 2354 534 2401 micanti
543 2354 645 2417 probent
655 2368 734 2412 meuse

173 2425 292 2477 490ch
301 2443 346 2492 ege
357 2433 413 2490 ,ait
422 2429 522 2480 Ceneue
534 2463 542 2489 ,
559 2431 640 2480 nostro
651 2447 692 2482 tua
702 2447 805 2498 corpora
815 2431 885 2484 ferro

220 2505 351 2558 Tentemus
362 2507 512 2574 :capuloque
520 2523 587 2558 tenus
598 2507 727 2562 demisltin
738 2527 819 2564 munos

220 2582 306 2632 Ensem
318 2583 440 2634 fatiferum
452 2603 459 2634 a
473 2576 609 2656 caecamque
619 2591 645 2639 in
653 2591 743 2640 viscera
755 2593 836 2639 movit

219 2660 375 2729 Versevicque
391 2679 508 2726 mannen,
516 2665 653 2734 vulnusque
661 2671 686 2716 in
697 2667 796 2718 vulnere
804 2669 874 2718 fecit.

220 2737 281 2790 Ecce
298 2755 371 2792 ruunt
383 2742 453 2794 vallo
463 2743 542 2794 rabidi
558 2743 671 2797 demere
686 2747 847 2807 bimembres,

172 2819 326 2886 495Telaque
336 2823 361 2870 in
372 2823 435 2872 hunc
447 2837 613 2874 nmnceunum
624 2827 781 2892 mittuntque,
795 2825 935 2890 feruntques

220 2895 280 2945 Tela
293 2899 370 2947 retusa
380 2899 469 2950 cadunt
482 2916 578 2952 emanet
592 2900 744 2968 imperfoss'us
755 2905 784 2953 ab
800 2907 870 2954 omni
877 2935 891 2966 ,

220 2974 294 3041 loque
311 2991 448 3029 cmcnutue
460 2979 561 3032 Cenem
578 2981 698 3044 Elateius,
716 2985 771 3033 inu.
