2056 3706
220 191 648 267 Mnrnnonruostou
667 186 705 256 L.
724 186 758 256 1.
811 211 849 256 ιι

133 310 176 362 Est
190 327 272 361 tamen
281 314 378 362 humani
389 311 482 376 generis
493 311 583 375 jasiura
593 308 674 360 dolori

133 390 268 438 Omnibusr
277 393 301 438 dt
312 405 379 456 ,que
390 393 421 438 sit
433 403 500 438 terrae
512 387 657 437 mortalibus
667 388 732 438 orbae

136 468 223 520 Forma
241 468 335 528 sutura,
351 482 452 532 rogante
461 470 514 532 quis
526 469 557 515 sit
567 467 656 516 laturus
666 467 692 514 in
702 481 753 516 arat

136 545 200 595 Tura
211 549 219 595 i
232 545 318 596 ferisne
330 561 397 610 paret
407 542 556 610 populandas
567 543 660 594 tradere
672 547 770 609 gentes?

134 623 203 674 Talia
217 639 347 690 quarentes
357 623 366 692 (
378 627 424 673 sibi
433 627 498 672 enim
513 622 566 672 fore
578 622 746 690 ceteracurae)

132 703 183 751 Rex
194 701 311 767 Supersins
321 701 439 768 trepidare
449 717 531 762 vetat,
547 700 703 766 sobolemque
715 701 790 766 priori

130 778 280 830 Dissimilem
291 779 384 846 populo
396 782 518 845 promittit
528 781 621 845 origiue
631 777 702 828 miri.

131 859 233 926 Jamque
248 873 300 908 erat
313 863 340 908 in
358 873 421 908 toras
436 859 555 923 sparsurus
567 856 672 906 fulmina
684 871 773 916 terrast

131 934 178 986 Sed
196 938 298 998 timuit,
310 954 341 986 ne
352 937 416 986 sorte
426 929 489 986 sacer
500 950 538 986 tot
546 936 576 985 ab
587 937 682 1000 ignibus
689 937 764 985 aether

130 1013 280 1080 conciperet
296 1013 420 1075 flammas,
437 1013 571 1080 longusque
581 1011 713 1064 ardesceret
724 1013 781 1062 axis.

131 1091 187 1142 Effe
204 1109 302 1158 quoque
318 1096 345 1142 in
355 1092 410 1141 satis
421 1094 597 1152 reminiscitur,
608 1089 691 1142 adfore
703 1105 811 1154 ternpus,

134 1170 193 1230 Quo
204 1186 288 1232 mare,
303 1185 354 1234 quo
371 1169 458 1226 tellus,
472 1183 628 1232 correptaque
644 1171 709 1232 regia
718 1166 774 1218 coeli

137 1245 229 1296 Ardent
241 1264 249 1305 3
262 1250 287 1295 δε
304 1243 389 1294 mundi
401 1244 476 1294 moles
486 1245 586 1310 operosa
596 1244 697 1294 laborer.

137 1323 198 1373 Tela
215 1337 380 1388 reponuntur,
393 1323 501 1371 manibus
515 1322 628 1372 fabricata
639 1321 797 1387 Cyclopum:

132 1401 207 1452 Poena
218 1401 298 1466 placer
307 1399 415 1460 diversa3
424 1417 497 1466 genus
508 1400 610 1450 mortale
620 1401 664 1450 sub
676 1397 746 1451 undis

131 1477 247 1540 Perdere,
260 1483 286 1529 bt
301 1495 330 1528 ex
340 1481 409 1529 omni
419 1479 514 1528 nimbos
525 1476 648 1528 dimittere
658 1475 733 1530 coelo.

124 1557 241 1616 'Protinus
254 1557 341 1607 AEoliis
359 1555 504 1623 Aquilonem
515 1556 607 1607 claudit
618 1560 645 1606 in
660 1561 749 1617 antris„

129 1636 161 1686 Et
173 1651 331 1702 quacumque
345 1635 430 1700 sugant
444 1633 551 1684 indusias
565 1635 664 1684 flamina
677 1637 769 1684 nubes:

130 1715 274 1779 Emittitque
284 1713 380 1762 Notum
392 1729 399 1761 r
410 1711 514 1762 madidis
525 1713 605 1762 Notus
615 1712 697 1764 evolat
704 1711 766 1773 alis,

130 1791 277 1842 Terribilem
294 1790 360 1854 picei
372 1784 446 1840 tesius
460 1791 563 1855 caligine
572 1789 678 1840 vultum·

130 1871 209 1922 Barba
223 1871 302 1934 gravis
316 1869 405 1916 nimbis
416 1885 425 1926 ·,
440 1871 505 1915 tanis
514 1867 569 1918 linit
586 1867 650 1917 unda
660 1865 753 1932 capillis
764 1885 773 1915 r

130 1948 220 1998 Fronte
236 1944 321 1995 sedent
336 1943 445 1994 nebule:
455 1957 538 1992 rorant
548 1959 676 2008 pennaeque
691 1947 811 2010 sinusque,

130 2026 212 2092 thue
226 2039 300 2073 manu
312 2021 362 2072 lati
372 2019 501 2088 pendentia
510 2020 594 2070 nubila
602 2023 707 2086 pressit,

130 2105 149 2154 1⁷
150 2107 170 2154 it
180 2104 261 2169 sragor
273 2121 279 2150 r
295 2103 352 2150 hinc
364 2099 432 2156 densi
444 2097 577 2150 funduntur
587 2101 617 2148 ab
631 2101 719 2150 aethere
730 2101 817 2152 nimbi.

129 2181 226 2232 Nuntia
245 2181 361 2233 Iunonis,
378 2180 456 2228 varios
473 2177 556 2228 induta
573 2177 680 2240 colores,
851 2197 901 2241 270

130 2258 256 2324 Concipitv
267 2258 311 2306 iris
324 2273 395 2323 aquas
406 2291 415 2317 ,
429 2257 589 2324 alimentaque
599 2260 702 2309 nubibus
713 2261 791 2313 affert.

130 2339 273 2389 sternuntur
288 2337 375 2401 segetes
387 2369 394 2395 ‚
408 2337 432 2384 bt
443 2333 568 2402 deplorata
578 2336 662 2386 coloni

130 2415 196 2465 Vota
205 2418 285 2480 jacent
296 2431 304 2473 3
323 2413 437 2480 longique
448 2411 516 2464 labor
526 2417 588 2480 perit
599 2418 679 2466 irritus
693 2421 758 2468 anni.

131 2492 183 2543 Nec
198 2493 264 2542 coelo
280 2507 393 2542 contenta
405 2494 447 2542 suo
461 2492 526 2542 Jovis
537 2496 585 2544 iras
595 2492 635 2544 sed
645 2493 717 2546 illurn

131 2569 254 2621 Caeruleus
265 2571 337 2620 frater
348 2575 415 2637 juvat
428 2570 580 2622 auxiliaribus
594 2571 684 2623 undis.'
853 2593 898 2640 2-75

130 2647 260 2699 Convocat
276 2651 316 2698 hic
328 2665 423 2699 amnes:
432 2654 473 2717 qui
485 2651 537 2716 post
547 2650 622 2717 quim
632 2653 694 2702 ressa
706 2656 803 2716 tyranni

131 2726 252 2778 intravere
264 2729 318 2786 sui3
335 2725 394 2777 Non
406 2729 438 2778 est
447 2731 583 2779 hortamine
593 2729 669 2794 longo

158 2821 220 2865 une,
237 2808 288 2866 ait,
307 2804 423 2856 utendum
435 2825 441 2855 r
454 2811 514 2860 vires
526 2803 752 2858 eumitrevestras.

132 2883 171 2932 Sis
191 2901 250 2951 opus
266 2883 299 2936 est
310 2904 319 2935 e
329 2887 419 2952 aperite
429 2883 516 2938 domm
528 2903 534 2937 s
544 2879 589 2948 ac',
602 2885 668 2936 mole
679 2882 789 3011 rqmoti,

727 2975 752 3024 vr
