2078 3708
158 257 580 318 nitrArtorrriosnoN
604 243 641 316 L.
666 246 735 317 IV.
763 274 807 332 99

85 365 179 434 Perque
191 371 242 418 vias
252 364 338 418 vidiffe
347 371 477 418 hominum
487 369 614 418 simulacra
624 403 632 428 ,
643 368 808 434 ferarumque,

86 449 115 496 ln
125 449 222 496 silicem
234 465 262 497 ex
275 451 332 514 ipsis
345 450 396 500 visai
410 451 523 500 conversa
535 447 654 508 Medusis
815 455 862 516 780

89 529 117 575 Se
131 541 213 576 tamen
227 523 352 578 horrendae
364 563 372 587 ‚
390 527 468 593 clypei
479 526 546 594 quod
556 528 615 578 lava
626 528 740 592 gerebat,

89 604 143 652 (Ere
154 600 292 669 repercusso
304 639 312 664 ‚
330 603 435 654 formam
447 601 559 670 aspexisse
571 603 678 654 nicdute
690 623 696 654 s

66 679 69 682 ’
88 681 206 746 Dumque
215 683 293 747 gravis
301 682 398 730 somnus
406 677 563 748 colubrasque
572 684 694 747 ipsamque
704 680 816 740 tenebat,

89 755 207 824 Eripuilse
223 773 295 823 caput
308 758 374 808 collo
386 778 392 808 z
404 762 536 826 pennisque
549 759 661 826 fugacem
803 821 807 828 ι

91 836 219 900 Pegason,
231 839 255 884 ὃ(
267 835 385 890 fratrem,
401 840 484 886 mattis
496 835 525 886 de
537 838 649 902 sanguine
662 853 749 888 naton-
819 849 862 912 735

93 911 198 964 Addidit
213 917 237 961 &
252 913 319 978 longi
335 929 385 962 non
398 913 457 962 falsa
468 914 573 978 pericula
585 913 684 964 curnis:

91 991 151 1052 Quae
164 990 243 1048 freta,
261 1005 319 1056 quas
331 1005 403 1040 terras
415 992 457 1042 sub
470 993 493 1040 se
505 983 601 1042 vidisset
615 994 644 1042 ab
655 993 707 1044 alto
719 1011 726 1042 s

92 1068 125 1117 Et
137 1083 190 1132 quae
202 1069 292 1132 lassatis
306 1063 421 1132 tetigisset
437 1066 515 1116 sidera
529 1072 621 1133 pennis.
697 1117 701 1122 .

94 1143 158 1191 Ante
174 1142 332 1206 exspesiatum
346 1142 421 1189 tacuit
437 1155 527 1189 tamen.
544 1139 638 1205 Excipit
653 1155 713 1190 unus

94 1213 229 1268 Enumeto
240 1233 386 1282 procerum,
399 1234 522 1282 querens,
534 1235 575 1266 cur
586 1219 637 1268 sola
647 1219 757 1267 sororum
825 1240 872 1282 790

97 1293 203 1347 Gesserit
213 1295 311 1347 alterius
323 1297 448 1346 immixtos
458 1297 562 1346 crinibus
573 1311 670 1361 angues.

133 1440 226 1508 Hospes
239 1443 274 1492 ait
286 1477 294 1502 ,
312 1441 435 1502 Quoniam
447 1443 536 1492 scitaris
547 1440 620 1508 digna
630 1442 724 1504 relatu,

100 1521 191 1584 Accipe
201 1523 296 1586 qutesiti
307 1522 410 1585 causam.
423 1520 563 1580 Clarissima
574 1521 671 1582 forms,

108 1598 294 1664 lllultotumque
305 1597 351 1647 fuit
363 1600 411 1664 spes
422 1597 540 1648 invidiosa
550 1616 680 1665 procorum
726 1595 728 1602 ’

103 1673 150 1722 llla
162 1690 169 1721 r
181 1689 225 1721 nec
237 1675 263 1720 in
275 1687 326 1720 tota
337 1673 483 1736 conspesiior
494 1673 544 1723 ulla
555 1672 648 1738 capillis
829 1667 873 1718 795

104 1751 162 1802 Pars
177 1750 224 1798 suit
237 1769 243 1798 s
255 1752 355 1810 inveni,
375 1751 451 1816 quise
464 1748 549 1801 vidiffe
561 1751 684 1800 referrent.

105 1826 178 1878 Hanc
190 1826 266 1892 pelagi
277 1829 352 1876 sessor
364 1827 456 1892 templo
467 1825 560 1876 vitiasse
575 1829 697 1888 Minetvaev
718 1889 720 1896 Α

105 1907 215 1956 Dicitur.
232 1906 318 1954 Aversa
333 1904 384 1966 est,
401 1908 426 1953 ὅ(
443 1904 517 1952 callos
531 1901 605 1968 aegide
618 1905 701 1954 vultus

107 1983 175 2034 Nata
188 1983 253 2032 Jo'vis
268 1984 326 2032 texit
338 2000 343 2029 :
356 1997 416 2031 neve
428 1982 475 2030 hoc
486 1983 584 2044 impune
596 1977 693 2041 fuisset,

108 2059 268 2124 Gorgoneum
284 2073 362 2124 surpes
376 2061 467 2108 crinem
482 2058 586 2106 mutavit
600 2059 626 2106 in
641 2057 740 2122 hydros·
833 2045 880 2098 320

108 2136 183 2186 Nunc
194 2153 306 2202 quoqne,
319 2153 346 2188 ut
356 2138 472 2186 attonitos
485 2131 614 2184 formidine
625 2150 711 2188 terreat
720 2137 814 2207 hostes,

110 2213 208 2261 sertore
219 2215 245 2260 in
258 2209 357 2262 adverso
369 2243 379 2272 ,
393 2225 452 2276 quos
463 2208 538 2268 fecit,
553 2210 650 2260 sustinet
660 2229 756 2278 angues.
778 2277 780 2282 Ι

114 2363 832 2437 cwmsisssmwu

309 2529 692 2602 LIBER.V.-
771 2507 773 2512 ’
844 2509 848 2516 ’

117 2641 318 2766 Dorsone
331 2721 358 2755 ea
370 2705 513 2771 Cephemlm
522 2703 604 2756 medio
616 2707 738 2758 Danaeius
747 2709 818 2759 heros

119 2789 224 2853 Agmine
233 2795 428 2844 commemorat,
440 2783 537 2834 fremitu
548 2784 636 2848 regalia
648 2785 721 2834 tutbae

121 2864 190 2913 Attia
201 2861 354 2927 complentur
366 2879 372 2908 s
384 2876 427 2908 nee
438 2861 582 2925 coniugialis
594 2860 651 2910 festa
713 2901 715 2906 .
767 2889 770 2896 ·

123 2939 173 3002 Qui
184 2953 255 2991 canat
265 2971 274 3002 ‚
286 2939 318 2988 eil
329 2937 437 2999 elamot3
451 2935 492 2988 sed
501 2941 543 3004 qui
554 2938 605 2992 iera
614 2942 712 2991 nunciet
722 2957 796 2990 erma.

701 3017 721 3067 Ε
739 3021 757 3082 ij
