1980 3714
96 261 533 333 MrrArtorrrrosaort
546 263 585 333 L.
601 265 706 334 XIII.
725 289 742 333 2
749 288 789 356 95

57 382 189 448 imposita
200 385 234 434 est
245 385 297 434 sero
312 382 411 434 tandem
420 400 506 434 manus
518 383 605 434 ultima
614 384 690 436 bello.

57 460 145 527 Troja
158 462 230 512 simul
239 463 396 529 Priamusque,
405 461 494 513 cadunt
503 481 509 511 t
518 464 636 514 Priameia
646 467 734 531 conjux
792 471 839 517 405

55 537 179 590 Perdidit
186 540 270 590 infelix
280 543 401 600 hominis,
417 541 470 606 post
481 543 564 590 omnia
573 573 584 602 ‚
594 541 715 602 formam,

53 616 231 686 Externasque
246 635 310 669 novo
325 619 413 668 latratu
424 622 509 668 terruit
519 635 597 668 auras.

94 695 199 761 Longus
215 699 240 744 in
251 696 376 761 angustum
396 694 444 762 qui
454 693 573 746 clauditur
583 694 754 761 Hellespontus
765 727 775 756 ‚

55 772 131 822 Ilion
144 771 243 823 ardebat
255 791 263 832 3
280 789 359 839 neque
370 769 449 824 adhuc
457 771 597 827 consederat
606 775 685 840 ignist

55 852 236 918 Exiguumque
249 853 310 902 senis
320 851 408 900 Priami
416 851 482 902 lovis
492 867 532 901 ara
543 867 655 902 eruorent
791 861 840 906 4ιο

54 927 229 982 Combibetat
238 947 244 978 a
253 931 350 978 tradate
361 931 437 978 comis
451 928 556 979 antistita
566 929 652 980 Phttbi

56 1005 126 1058 Non
137 1006 282 1072 profeiiurat
295 1004 408 1057 tendebat
420 1003 451 1056 ad
461 1009 549 1059 athera
558 1007 658 1072 palmas.

55 1081 218 1135 Dardanidas
230 1098 316 1134 matres
329 1117 338 1145 ,
353 1087 486 1150 patriorum
497 1087 564 1150 signa
574 1085 699 1140 Deorum,

56 1161 135 1210 Dum
154 1161 230 1222 litet,
246 1161 365 1226 amplexas
376 1196 385 1222 ‚
398 1163 553 1228 succensaque
565 1162 788 1228 templumtam,

57 1237 190 1290 Invidiosa
203 1241 299 1288 trahunt
310 1241 408 1289 victores
419 1242 516 1304 praemia
526 1240 602 1306 Graji.
789 1253 834 1298 μς

56 1315 176 1365 Mittitur
195 1315 311 1380 Astyanax
325 1313 374 1366 illis
385 1315 416 1366 de
428 1319 547 1374 turribus,
563 1309 626 1368 unde

57 1393 216 1460 Pugnantem
232 1411 277 1460 pro
287 1397 329 1457 se,
346 1397 501 1464 proavitaque
512 1412 584 1462 regna
597 1411 722 1457 tuentem,

61 1473 136 1538 Saepe
151 1470 231 1525 videre
241 1487 352 1538 patrem,
367 1474 525 1524 monstratum
536 1491 550 1523 a
560 1489 636 1524 matrs
648 1509 657 1535 ,
669 1475 770 1524 solebat.

59 1550 169 1618 Jamque
179 1551 249 1617 :viam
265 1549 347 1601 suadet
359 1549 459 1612 Boreas,
475 1551 580 1620 flatuque
594 1552 698 1605 secundo

62 1627 175 1680 Carbasa
193 1643 260 1680 mota
268 1629 352 1680 sonant
363 1648 370 1678 a
380 1631 449 1696 jubet
463 1633 498 1680 uti
511 1634 591 1683 navita
601 1635 687 1682 ventis.
787 1635 835 1680 4²0

61 1706 145 1772 Troja
153 1741 162 1766 ‚
170 1706 222 1758 vale
231 1724 236 1755 ι
244 1709 362 1772 rapimur,
371 1707 486 1764 clamant,
492 1706 597 1776 dantque
608 1710 689 1759 oscula
696 1723 787 1769 terrrae,

59 1782 193 1839 Troades,
205 1787 230 1834 δι
242 1787 323 1850 patriae
335 1785 452 1833 fumantia
463 1787 523 1835 tedia
534 1787 680 1852 relinquunt.

58 1860 161 1911 Ultima
173 1859 313 1912 conscendit
324 1858 434 1915 classem.
454 1860 608 1927 (miserabile
618 1864 684 1913 visu!
697 1863 709 1930 )

58 1939 93 1988 ln
110 1937 195 1988 mediis
207 1939 304 1988 Hecube
323 1952 436 1988 natorum
447 1939 544 1988 inventa
555 1939 676 2002 sepulcris.

48 2015 222 2065 'Ptensantem
231 2015 337 2066 tumulos
345 2050 354 2075 ‚
371 2031 442 2081 atque
452 2017 544 2066 ossibus
553 2015 742 2068 osculauantem
784 2030 829 2078 425

59 2092 185 2143 Dulichia
195 2093 284 2144 traxire
295 2109 395 2148 manus:
407 2109 488 2143 tamen
501 2095 571 2142 unius
581 2095 660 2143 hausit
671 2127 681 2154 ,

60 2171 142 2237 Inque
153 2174 204 2220 sinu
213 2175 302 2220 cineres
315 2173 395 2221 secum
407 2170 463 2220 tulit
474 2171 579 2222 Hectoris
590 2172 694 2222 haustos.

61 2251 173 2302 Hectoris
188 2255 214 2302 in
225 2251 320 2302 tumulo
340 2269 426 2302 canum
439 2251 469 2303 de
478 2257 566 2304 vertice
577 2255 686 2313 crinem,

61 2330 163 2381 Inferias
179 2333 278 2395 inopes,
291 2333 381 2379 crinem
394 2331 556 2400 lacrymasque
568 2331 691 2396 relinquit.

97 2408 138 2457 Est
147 2409 187 2456 ubi
200 2409 275 2468 Troia
286 2407 347 2466 fuit,
364 2409 472 2472 Phrygia
483 2411 602 2458 contraria
614 2407 701 2467 tellus,
782 2411 833 2456 439

62 2487 173 2538 Bistoniis
186 2487 292 2534 habitata
302 2487 367 2535 vitis.
381 2485 550 2549 Polymestoris
567 2485 619 2534 illic

64 2565 139 2630 Regia
156 2561 221 2613 dives
232 2577 299 2624 erat,
311 2565 350 2612 tui
361 2577 384 2611 te
394 2567 516 2613 commisit
528 2561 642 2613 alendum

64 2641 147 2696 Clam,
158 2637 288 2702 Polydore‚
296 2655 372 2706 pater,
384 2641 537 2708 Phrygiisque
546 2643 650 2690 removit
658 2642 687 2689 ab
698 2644 779 2690 armis.

64 2719 202 2769 Consilium
218 2719 308 2782 sapiens
319 2738 325 2768 a
337 2717 428 2769 sceleris
442 2722 487 2769 niti
495 2721 593 2782 praemia
603 2733 701 2782 magnas

65 2793 193 2859 Adjecilfet
207 2813 281 2860 opes,
299 2799 374 2846 animi
389 2799 511 2845 irritamen
524 2797 597 2846 avari.
781 2806 828 2854 433

65 2874 101 2922 Ut
114 2872 199 2922 cecidit
210 2875 314 2923 fortuna
325 2875 447 2937 Phrygum
458 2875 522 2936 capit
531 2874 618 2935 ¹impius
630 2873 709 2922 ensem

66 2953 116 3006 itm
128 2952 261 3007 Thracum,
276 2949 407 3022 juguloque
418 2951 452 3000 sui
461 2945 545 3016 defigit
557 2947 664 3006 alumni3
762 2973 766 2986 =

317 3044 319 3048 ·
442 3039 444 3048 ’
618 3025 683 3078 Nit
