<?xml version="1.0" encoding="UTF-8"?>
<!DOCTYPE html PUBLIC "-//W3C//DTD XHTML 1.0 Transitional//EN"
    "http://www.w3.org/TR/xhtml1/DTD/xhtml1-transitional.dtd">
<html xmlns="http://www.w3.org/1999/xhtml" xml:lang="en" lang="en">
 <head>
  <title>
</title>
<meta http-equiv="Content-Type" content="text/html;charset=utf-8" />
  <meta name='ocr-system' content='tesseract 3.04.00' />
  <meta name='ocr-capabilities' content='ocr_page ocr_carea ocr_par ocr_line ocrx_word'/>
</head>
<body>
  <div class='ocr_page' id='page_1' title='image "./povidiinasoniso06ovidgoog_0182.png"; bbox 0 0 2078 3708; ppageno 0'>
   <div class='ocr_carea' id='block_1_1' title="bbox 105 253 787 342">
    <p class='ocr_par' dir='ltr' id='par_1_1' title="bbox 105 253 787 342">
     <span class='ocr_line' id='line_1_1' title="bbox 105 253 787 342; baseline -0.009 -16"><span class='ocrx_word' id='word_1_1' title='bbox 105 253 583 326; x_wconf 68' lang='lat' dir='ltr'>Mernnonrnosnoux.</span> <span class='ocrx_word' id='word_1_2' title='bbox 598 254 700 322; x_wconf 87' lang='lat' dir='ltr'><em>VIII.</em></span> <span class='ocrx_word' id='word_1_3' title='bbox 726 275 787 342; x_wconf 87' lang='lat'>175</span> 
     </span>
    </p>
   </div>
   <div class='ocr_carea' id='block_1_2' title="bbox 53 375 839 834">
    <p class='ocr_par' dir='ltr' id='par_1_2' title="bbox 56 375 839 522">
     <span class='ocr_line' id='line_1_2' title="bbox 57 375 839 448; baseline -0.008 -21"><span class='ocrx_word' id='word_1_4' title='bbox 57 377 226 446; x_wconf 83' lang='lat' dir='ltr'>Excipiuntur</span> <span class='ocrx_word' id='word_1_5' title='bbox 240 379 315 445; x_wconf 75' lang='lat' dir='ltr'>aqui,</span> <span class='ocrx_word' id='word_1_6' title='bbox 334 393 387 446; x_wconf 68' lang='lat' dir='ltr'>qua</span> <span class='ocrx_word' id='word_1_7' title='bbox 398 393 487 428; x_wconf 85' lang='lat' dir='ltr'>nomen</span> <span class='ocrx_word' id='word_1_8' title='bbox 499 379 570 428; x_wconf 81' lang='lat' dir='ltr'>traxit</span> <span class='ocrx_word' id='word_1_9' title='bbox 582 375 676 426; x_wconf 84' lang='lat' dir='ltr'>abillo.</span> <span class='ocrx_word' id='word_1_10' title='bbox 792 390 839 448; x_wconf 53' lang='lat'>2³⁰</span> 
     </span>
     <span class='ocr_line' id='line_1_3' title="bbox 56 452 707 522; baseline -0.005 -17"><span class='ocrx_word' id='word_1_11' title='bbox 56 458 94 506; x_wconf 80' lang='lat' dir='ltr'>At</span> <span class='ocrx_word' id='word_1_12' title='bbox 114 475 184 522; x_wconf 80' lang='lat' dir='ltr'>pater</span> <span class='ocrx_word' id='word_1_13' title='bbox 195 458 297 517; x_wconf 85' lang='lat' dir='ltr'>infelix,</span> <span class='ocrx_word' id='word_1_14' title='bbox 308 473 353 508; x_wconf 87' lang='lat' dir='ltr'>nec</span> <span class='ocrx_word' id='word_1_15' title='bbox 371 461 419 521; x_wconf 82' lang='lat' dir='ltr'>jam</span> <span class='ocrx_word' id='word_1_16' title='bbox 438 471 517 520; x_wconf 79' lang='lat' dir='ltr'>patet3</span> <span class='ocrx_word' id='word_1_17' title='bbox 536 455 614 509; x_wconf 84' lang='lat' dir='ltr'>lcare,</span> <span class='ocrx_word' id='word_1_18' title='bbox 629 452 707 513; x_wconf 84' lang='lat' dir='ltr'>dixit,</span> 
     </span>
    </p>

    <p class='ocr_par' dir='ltr' id='par_1_3' title="bbox 58 534 727 600">
     <span class='ocr_line' id='line_1_4' title="bbox 58 534 727 600; baseline -0.004 -17"><span class='ocrx_word' id='word_1_19' title='bbox 58 535 149 595; x_wconf 83' lang='lat' dir='ltr'>lcare,</span> <span class='ocrx_word' id='word_1_20' title='bbox 169 535 252 596; x_wconf 82' lang='lat' dir='ltr'>dixit,</span> <span class='ocrx_word' id='word_1_21' title='bbox 271 539 313 584; x_wconf 90' lang='lat' dir='ltr'>ubi</span> <span class='ocrx_word' id='word_1_22' title='bbox 325 551 348 587; x_wconf 82' lang='lat' dir='ltr'>es</span> <span class='ocrx_word' id='word_1_23' title='bbox 360 539 368 584; x_wconf 80' lang='lat' dir='ltr'>i</span> <span class='ocrx_word' id='word_1_24' title='bbox 385 534 433 600; x_wconf 70' lang='lat' dir='ltr'>qui</span> <span class='ocrx_word' id='word_1_25' title='bbox 449 550 472 584; x_wconf 87' lang='lat' dir='ltr'>te</span> <span class='ocrx_word' id='word_1_26' title='bbox 482 537 580 599; x_wconf 81' lang='lat' dir='ltr'>regione</span> <span class='ocrx_word' id='word_1_27' title='bbox 592 535 727 599; x_wconf 74' lang='lat' dir='ltr'>requiram?</span> 
     </span>
    </p>

    <p class='ocr_par' dir='ltr' id='par_1_4' title="bbox 56 610 635 680">
     <span class='ocr_line' id='line_1_5' title="bbox 56 610 635 680; baseline 0 -20"><span class='ocrx_word' id='word_1_28' title='bbox 56 613 146 674; x_wconf 86' lang='lat' dir='ltr'>lcare,</span> <span class='ocrx_word' id='word_1_29' title='bbox 168 611 282 672; x_wconf 67' lang='lat' dir='ltr'>dicebas</span> <span class='ocrx_word' id='word_1_30' title='bbox 302 631 390 680; x_wconf 85' lang='lat' dir='ltr'>pennas</span> <span class='ocrx_word' id='word_1_31' title='bbox 402 615 491 677; x_wconf 80' lang='lat' dir='ltr'>aspexit</span> <span class='ocrx_word' id='word_1_32' title='bbox 502 617 528 662; x_wconf 91' lang='lat' dir='ltr'>in</span> <span class='ocrx_word' id='word_1_33' title='bbox 545 610 635 674; x_wconf 90' lang='lat' dir='ltr'>undis,</span> 
     </span>
    </p>

    <p class='ocr_par' dir='ltr' id='par_1_5' title="bbox 53 689 830 834">
     <span class='ocr_line' id='line_1_6' title="bbox 53 689 806 764; baseline -0.003 -26"><span class='ocrx_word' id='word_1_34' title='bbox 53 690 220 758; x_wconf 85' lang='lat' dir='ltr'>Devovitque</span> <span class='ocrx_word' id='word_1_35' title='bbox 237 694 288 742; x_wconf 81' lang='lat' dir='ltr'>suas</span> <span class='ocrx_word' id='word_1_36' title='bbox 298 705 358 743; x_wconf 84' lang='lat' dir='ltr'>artes</span> <span class='ocrx_word' id='word_1_37' title='bbox 371 711 376 739; x_wconf 80' lang='grc' dir='ltr'><em>ι</em></span> <span class='ocrx_word' id='word_1_38' title='bbox 389 707 521 756; x_wconf 81' lang='lat' dir='ltr'>corpusque</span> <span class='ocrx_word' id='word_1_39' title='bbox 533 689 642 755; x_wconf 85' lang='lat' dir='ltr'>sepulcro</span> <span class='ocrx_word' id='word_1_40' title='bbox 803 757 806 764; x_wconf 28' lang='grc' dir='ltr'><strong><em>Ι</em></strong></span> 
     </span>
     <span class='ocr_line' id='line_1_7' title="bbox 55 767 830 834; baseline -0.005 -14"><span class='ocrx_word' id='word_1_41' title='bbox 55 767 204 820; x_wconf 75' lang='lat' dir='ltr'>Condidit:</span> <span class='ocrx_word' id='word_1_42' title='bbox 218 775 242 821; x_wconf 71' lang='grc' dir='ltr'>δι</span> <span class='ocrx_word' id='word_1_43' title='bbox 256 771 349 822; x_wconf 85' lang='lat' dir='ltr'>tellusa</span> <span class='ocrx_word' id='word_1_44' title='bbox 359 774 458 820; x_wconf 86' lang='lat' dir='ltr'>nomine</span> <span class='ocrx_word' id='word_1_45' title='bbox 469 768 531 820; x_wconf 63' lang='lat' dir='ltr'>disis</span> <span class='ocrx_word' id='word_1_46' title='bbox 542 769 636 834; x_wconf 83' lang='lat' dir='ltr'>sepulti.</span> <span class='ocrx_word' id='word_1_47' title='bbox 788 786 830 834; x_wconf 75' lang='lat'>²35</span> 
     </span>
    </p>
   </div>
   <div class='ocr_carea' id='block_1_3' title="bbox 42 929 828 2800">
    <p class='ocr_par' dir='ltr' id='par_1_6' title="bbox 42 929 828 2800">
     <span class='ocr_line' id='line_1_8' title="bbox 90 929 732 996; baseline -0.006 -18"><span class='ocrx_word' id='word_1_48' title='bbox 90 929 169 980; x_wconf 88' lang='lat' dir='ltr'>Hunc</span> <span class='ocrx_word' id='word_1_49' title='bbox 180 965 189 990; x_wconf 90' lang='lat'>,</span> <span class='ocrx_word' id='word_1_50' title='bbox 201 933 280 980; x_wconf 88' lang='lat' dir='ltr'>miseri</span> <span class='ocrx_word' id='word_1_51' title='bbox 298 931 394 983; x_wconf 87' lang='lat' dir='ltr'>tumulo</span> <span class='ocrx_word' id='word_1_52' title='bbox 405 944 535 996; x_wconf 86' lang='lat' dir='ltr'>ponentem</span> <span class='ocrx_word' id='word_1_53' title='bbox 549 944 650 994; x_wconf 83' lang='lat' dir='ltr'>corpora</span> <span class='ocrx_word' id='word_1_54' title='bbox 664 929 732 986; x_wconf 79' lang='lat' dir='ltr'>neti,</span> 
     </span>
     <span class='ocr_line' id='line_1_9' title="bbox 53 1005 638 1075; baseline -0.007 -17"><span class='ocrx_word' id='word_1_55' title='bbox 53 1008 165 1058; x_wconf 75' lang='lat' dir='ltr'>Gaetula</span> <span class='ocrx_word' id='word_1_56' title='bbox 181 1009 276 1060; x_wconf 72' lang='lat' dir='ltr'>ramosi</span> <span class='ocrx_word' id='word_1_57' title='bbox 294 1011 414 1075; x_wconf 84' lang='lat' dir='ltr'>prospexit</span> <span class='ocrx_word' id='word_1_58' title='bbox 428 1010 458 1058; x_wconf 89' lang='lat' dir='ltr'>ab</span> <span class='ocrx_word' id='word_1_59' title='bbox 472 1009 527 1058; x_wconf 87' lang='lat' dir='ltr'>ilice</span> <span class='ocrx_word' id='word_1_60' title='bbox 537 1005 638 1071; x_wconf 81' lang='lat' dir='ltr'>perdix:</span> 
     </span>
     <span class='ocr_line' id='line_1_10' title="bbox 53 1084 706 1154; baseline -0.002 -21"><span class='ocrx_word' id='word_1_61' title='bbox 53 1085 87 1134; x_wconf 84' lang='lat' dir='ltr'>Et</span> <span class='ocrx_word' id='word_1_62' title='bbox 100 1086 193 1150; x_wconf 78' lang='lat' dir='ltr'>plausit</span> <span class='ocrx_word' id='word_1_63' title='bbox 212 1092 313 1154; x_wconf 86' lang='lat' dir='ltr'>pennis,</span> <span class='ocrx_word' id='word_1_64' title='bbox 333 1087 460 1154; x_wconf 78' lang='lat' dir='ltr'>testataque</span> <span class='ocrx_word' id='word_1_65' title='bbox 479 1085 566 1152; x_wconf 79' lang='lat' dir='ltr'>gaudia</span> <span class='ocrx_word' id='word_1_66' title='bbox 580 1100 651 1134; x_wconf 88' lang='lat' dir='ltr'>cantu</span> <span class='ocrx_word' id='word_1_67' title='bbox 665 1084 706 1133; x_wconf 89' lang='lat' dir='ltr'>est.</span> 
     </span>
     <span class='ocr_line' id='line_1_11' title="bbox 52 1163 681 1230; baseline -0.002 -19"><span class='ocrx_word' id='word_1_68' title='bbox 52 1163 140 1213; x_wconf 80' lang='lat' dir='ltr'>Unica</span> <span class='ocrx_word' id='word_1_69' title='bbox 155 1180 212 1214; x_wconf 83' lang='lat' dir='ltr'>tunc</span> <span class='ocrx_word' id='word_1_70' title='bbox 223 1166 327 1216; x_wconf 86' lang='lat' dir='ltr'>uolucris</span> <span class='ocrx_word' id='word_1_71' title='bbox 338 1200 347 1226; x_wconf 86' lang='lat'>,</span> <span class='ocrx_word' id='word_1_72' title='bbox 357 1182 401 1214; x_wconf 87' lang='lat' dir='ltr'>nec</span> <span class='ocrx_word' id='word_1_73' title='bbox 408 1167 459 1218; x_wconf 85' lang='lat' dir='ltr'>visa</span> <span class='ocrx_word' id='word_1_74' title='bbox 468 1167 586 1230; x_wconf 82' lang='lat' dir='ltr'>prioribus</span> <span class='ocrx_word' id='word_1_75' title='bbox 596 1167 663 1216; x_wconf 81' lang='lat' dir='ltr'>annis</span> <span class='ocrx_word' id='word_1_76' title='bbox 675 1181 681 1211; x_wconf 76' lang='grc' dir='ltr'><strong>ι</strong></span> 
     </span>
     <span class='ocr_line' id='line_1_12' title="bbox 51 1241 828 1310; baseline 0.001 -21"><span class='ocrx_word' id='word_1_77' title='bbox 51 1242 177 1308; x_wconf 58' lang='lat' dir='ltr'>fassaque</span> <span class='ocrx_word' id='word_1_78' title='bbox 187 1260 262 1310; x_wconf 85' lang='lat' dir='ltr'>nuper</span> <span class='ocrx_word' id='word_1_79' title='bbox 272 1247 339 1304; x_wconf 80' lang='lat' dir='ltr'>avis,</span> <span class='ocrx_word' id='word_1_80' title='bbox 351 1244 452 1309; x_wconf 79' lang='lat' dir='ltr'>longum</span> <span class='ocrx_word' id='word_1_81' title='bbox 469 1245 527 1298; x_wconf 85' lang='lat' dir='ltr'>tibi,</span> <span class='ocrx_word' id='word_1_82' title='bbox 543 1241 642 1296; x_wconf 83' lang='lat' dir='ltr'>Daedale</span> <span class='ocrx_word' id='word_1_83' title='bbox 652 1244 751 1292; x_wconf 85' lang='lat' dir='ltr'>crimen.</span> <span class='ocrx_word' id='word_1_84' title='bbox 782 1251 828 1295; x_wconf 78' lang='lat'>²40</span> 
     </span>
     <span class='ocr_line' id='line_1_13' title="bbox 50 1316 777 1386; baseline -0.001 -17"><span class='ocrx_word' id='word_1_85' title='bbox 50 1320 173 1386; x_wconf 84' lang='lat' dir='ltr'>Namque</span> <span class='ocrx_word' id='word_1_86' title='bbox 188 1324 243 1371; x_wconf 87' lang='lat' dir='ltr'>huic</span> <span class='ocrx_word' id='word_1_87' title='bbox 253 1319 402 1382; x_wconf 81' lang='lat' dir='ltr'>tradiderat,</span> <span class='ocrx_word' id='word_1_88' title='bbox 415 1321 521 1372; x_wconf 85' lang='lat' dir='ltr'>fatorum</span> <span class='ocrx_word' id='word_1_89' title='bbox 533 1324 630 1386; x_wconf 71' lang='lat' dir='ltr'>ignara,</span> <span class='ocrx_word' id='word_1_90' title='bbox 643 1316 777 1378; x_wconf 75' lang='lat' dir='ltr'>docendam</span> 
     </span>
     <span class='ocr_line' id='line_1_14' title="bbox 50 1400 627 1466; baseline 0.003 -18"><span class='ocrx_word' id='word_1_91' title='bbox 50 1400 204 1466; x_wconf 81' lang='lat' dir='ltr'>Progeniem</span> <span class='ocrx_word' id='word_1_92' title='bbox 214 1416 327 1466; x_wconf 79' lang='lat' dir='ltr'>germana</span> <span class='ocrx_word' id='word_1_93' title='bbox 338 1402 404 1450; x_wconf 76' lang='lat' dir='ltr'>suain</span> <span class='ocrx_word' id='word_1_94' title='bbox 416 1434 424 1456; x_wconf 88' lang='lat'><em>‚</em></span> <span class='ocrx_word' id='word_1_95' title='bbox 441 1400 559 1450; x_wconf 81' lang='lat' dir='ltr'>natalibus</span> <span class='ocrx_word' id='word_1_96' title='bbox 571 1400 627 1450; x_wconf 71' lang='lat' dir='ltr'>auis</span> 
     </span>
     <span class='ocr_line' id='line_1_15' title="bbox 48 1477 666 1544; baseline 0.005 -19"><span class='ocrx_word' id='word_1_97' title='bbox 48 1477 93 1526; x_wconf 89' lang='lat' dir='ltr'>Bis</span> <span class='ocrx_word' id='word_1_98' title='bbox 106 1494 209 1543; x_wconf 89' lang='lat' dir='ltr'>puerum</span> <span class='ocrx_word' id='word_1_99' title='bbox 221 1480 300 1540; x_wconf 89' lang='lat' dir='ltr'>senis,</span> <span class='ocrx_word' id='word_1_100' title='bbox 315 1481 388 1528; x_wconf 84' lang='lat' dir='ltr'>animi</span> <span class='ocrx_word' id='word_1_101' title='bbox 399 1477 430 1530; x_wconf 88' lang='lat' dir='ltr'>ad</span> <span class='ocrx_word' id='word_1_102' title='bbox 441 1493 558 1544; x_wconf 75' lang='lat' dir='ltr'>praecepta</span> <span class='ocrx_word' id='word_1_103' title='bbox 567 1478 666 1543; x_wconf 75' lang='lat' dir='ltr'>rapacis.</span> 
     </span>
     <span class='ocr_line' id='line_1_16' title="bbox 49 1553 595 1624; baseline 0.004 -20"><span class='ocrx_word' id='word_1_104' title='bbox 49 1556 99 1605; x_wconf 88' lang='lat' dir='ltr'>llle</span> <span class='ocrx_word' id='word_1_105' title='bbox 109 1560 185 1606; x_wconf 85' lang='lat' dir='ltr'>etiam</span> <span class='ocrx_word' id='word_1_106' title='bbox 202 1553 284 1606; x_wconf 89' lang='lat' dir='ltr'>medio</span> <span class='ocrx_word' id='word_1_107' title='bbox 292 1559 375 1623; x_wconf 83' lang='lat' dir='ltr'>spinas</span> <span class='ocrx_word' id='word_1_108' title='bbox 390 1561 416 1607; x_wconf 88' lang='lat' dir='ltr'>in</span> <span class='ocrx_word' id='word_1_109' title='bbox 426 1560 488 1624; x_wconf 85' lang='lat' dir='ltr'>pisce</span> <span class='ocrx_word' id='word_1_110' title='bbox 500 1570 595 1608; x_wconf 86' lang='lat' dir='ltr'>notatas</span> 
     </span>
     <span class='ocr_line' id='line_1_17' title="bbox 49 1634 821 1704; baseline 0.004 -21"><span class='ocrx_word' id='word_1_111' title='bbox 49 1635 141 1684; x_wconf 85' lang='lat' dir='ltr'>Traxit</span> <span class='ocrx_word' id='word_1_112' title='bbox 160 1638 187 1684; x_wconf 89' lang='lat' dir='ltr'>in</span> <span class='ocrx_word' id='word_1_113' title='bbox 205 1635 356 1700; x_wconf 86' lang='lat' dir='ltr'>exemplum,</span> <span class='ocrx_word' id='word_1_114' title='bbox 368 1637 478 1704; x_wconf 85' lang='lat' dir='ltr'>ferroque</span> <span class='ocrx_word' id='word_1_115' title='bbox 490 1634 579 1687; x_wconf 85' lang='lat' dir='ltr'>incidit</span> <span class='ocrx_word' id='word_1_116' title='bbox 589 1650 663 1686; x_wconf 87' lang='lat' dir='ltr'>acuto.</span> <span class='ocrx_word' id='word_1_117' title='bbox 777 1649 821 1695; x_wconf 81' lang='lat'>245</span> 
     </span>
     <span class='ocr_line' id='line_1_18' title="bbox 48 1712 605 1781; baseline 0.004 -20"><span class='ocrx_word' id='word_1_118' title='bbox 48 1713 187 1778; x_wconf 74' lang='lat' dir='ltr'>Perpetuos</span> <span class='ocrx_word' id='word_1_119' title='bbox 201 1712 298 1774; x_wconf 81' lang='lat' dir='ltr'>dentes3</span> <span class='ocrx_word' id='word_1_120' title='bbox 314 1719 339 1764; x_wconf 87' lang='lat'>&amp;</span> <span class='ocrx_word' id='word_1_121' title='bbox 354 1717 420 1765; x_wconf 75' lang='lat' dir='ltr'>serre:</span> <span class='ocrx_word' id='word_1_122' title='bbox 430 1718 517 1781; x_wconf 88' lang='lat' dir='ltr'>reperit</span> <span class='ocrx_word' id='word_1_123' title='bbox 528 1717 605 1764; x_wconf 88' lang='lat' dir='ltr'>usum.</span> 
     </span>
     <span class='ocr_line' id='line_1_19' title="bbox 48 1789 633 1842; baseline 0.005 -3"><span class='ocrx_word' id='word_1_124' title='bbox 48 1791 150 1840; x_wconf 83' lang='lat' dir='ltr'>Primus</span> <span class='ocrx_word' id='word_1_125' title='bbox 168 1795 194 1840; x_wconf 73' lang='grc' dir='ltr'>δι</span> <span class='ocrx_word' id='word_1_126' title='bbox 213 1807 240 1840; x_wconf 83' lang='lat' dir='ltr'>ex</span> <span class='ocrx_word' id='word_1_127' title='bbox 250 1807 299 1842; x_wconf 85' lang='lat' dir='ltr'>uno</span> <span class='ocrx_word' id='word_1_128' title='bbox 311 1791 360 1842; x_wconf 84' lang='lat' dir='ltr'>cluo</span> <span class='ocrx_word' id='word_1_129' title='bbox 376 1792 450 1842; x_wconf 83' lang='lat' dir='ltr'>ferrea</span> <span class='ocrx_word' id='word_1_130' title='bbox 460 1793 556 1842; x_wconf 86' lang='lat' dir='ltr'>brachia</span> <span class='ocrx_word' id='word_1_131' title='bbox 566 1789 633 1842; x_wconf 88' lang='lat' dir='ltr'>nodo</span> 
     </span>
     <span class='ocr_line' id='line_1_20' title="bbox 47 1869 635 1936; baseline 0.005 -18"><span class='ocrx_word' id='word_1_132' title='bbox 47 1869 157 1928; x_wconf 76' lang='lat' dir='ltr'>Vinxit3</span> <span class='ocrx_word' id='word_1_133' title='bbox 178 1885 219 1925; x_wconf 83' lang='lat' dir='ltr'>ut.</span> <span class='ocrx_word' id='word_1_134' title='bbox 230 1870 316 1936; x_wconf 79' lang='lat' dir='ltr'>aequali</span> <span class='ocrx_word' id='word_1_135' title='bbox 329 1873 406 1936; x_wconf 87' lang='lat' dir='ltr'>spatio</span> <span class='ocrx_word' id='word_1_136' title='bbox 417 1869 557 1920; x_wconf 78' lang='lat' dir='ltr'>distantibus</span> <span class='ocrx_word' id='word_1_137' title='bbox 568 1869 635 1930; x_wconf 88' lang='lat' dir='ltr'>illis,</span> 
     </span>
     <span class='ocr_line' id='line_1_21' title="bbox 44 1946 681 2014; baseline 0.003 -18"><span class='ocrx_word' id='word_1_138' title='bbox 44 1946 135 1996; x_wconf 79' lang='lat' dir='ltr'>Altera</span> <span class='ocrx_word' id='word_1_139' title='bbox 150 1963 203 2012; x_wconf 82' lang='lat' dir='ltr'>pars</span> <span class='ocrx_word' id='word_1_140' title='bbox 220 1949 305 2008; x_wconf 86' lang='lat' dir='ltr'>staret,</span> <span class='ocrx_word' id='word_1_141' title='bbox 318 1965 372 2014; x_wconf 82' lang='lat' dir='ltr'>pars</span> <span class='ocrx_word' id='word_1_142' title='bbox 383 1949 458 1998; x_wconf 82' lang='lat' dir='ltr'>altera</span> <span class='ocrx_word' id='word_1_143' title='bbox 474 1946 573 1998; x_wconf 88' lang='lat' dir='ltr'>duceret</span> <span class='ocrx_word' id='word_1_144' title='bbox 587 1949 681 1998; x_wconf 87' lang='lat' dir='ltr'>orbem.</span> 
     </span>
     <span class='ocr_line' id='line_1_22' title="bbox 45 2023 820 2093; baseline 0.004 -19"><span class='ocrx_word' id='word_1_145' title='bbox 45 2023 167 2074; x_wconf 68' lang='lat' dir='ltr'>Daedalus</span> <span class='ocrx_word' id='word_1_146' title='bbox 181 2024 283 2082; x_wconf 84' lang='lat' dir='ltr'>invidit,</span> <span class='ocrx_word' id='word_1_147' title='bbox 295 2025 408 2093; x_wconf 70' lang='lat' dir='ltr'>sacrique</span> <span class='ocrx_word' id='word_1_148' title='bbox 419 2042 447 2076; x_wconf 86' lang='lat' dir='ltr'>ex</span> <span class='ocrx_word' id='word_1_149' title='bbox 458 2043 511 2076; x_wconf 80' lang='lat' dir='ltr'>arce</span> <span class='ocrx_word' id='word_1_150' title='bbox 526 2027 643 2076; x_wconf 71' lang='lat' dir='ltr'>Minerva</span> <span class='ocrx_word' id='word_1_151' title='bbox 774 2041 820 2087; x_wconf 88' lang='lat'>250</span> 
     </span>
     <span class='ocr_line' id='line_1_23' title="bbox 46 2103 691 2170; baseline 0.003 -18"><span class='ocrx_word' id='word_1_152' title='bbox 46 2103 204 2168; x_wconf 68' lang='lat' dir='ltr'>Praecipitem</span> <span class='ocrx_word' id='word_1_153' title='bbox 218 2107 308 2164; x_wconf 86' lang='lat' dir='ltr'>mittit,</span> <span class='ocrx_word' id='word_1_154' title='bbox 325 2103 418 2170; x_wconf 82' lang='lat' dir='ltr'>lapsum</span> <span class='ocrx_word' id='word_1_155' title='bbox 429 2106 552 2154; x_wconf 87' lang='lat' dir='ltr'>mentitus.</span> <span class='ocrx_word' id='word_1_156' title='bbox 564 2105 593 2154; x_wconf 83' lang='lat' dir='ltr'>At</span> <span class='ocrx_word' id='word_1_157' title='bbox 603 2103 691 2165; x_wconf 89' lang='lat' dir='ltr'>illum,</span> 
     </span>
     <span class='ocr_line' id='line_1_24' title="bbox 45 2181 762 2249; baseline 0.004 -20"><span class='ocrx_word' id='word_1_158' title='bbox 45 2182 111 2243; x_wconf 81' lang='lat' dir='ltr'>Quae</span> <span class='ocrx_word' id='word_1_159' title='bbox 127 2181 193 2232; x_wconf 78' lang='lat' dir='ltr'>favet</span> <span class='ocrx_word' id='word_1_160' title='bbox 203 2185 322 2247; x_wconf 83' lang='lat' dir='ltr'>ingeniis,</span> <span class='ocrx_word' id='word_1_161' title='bbox 340 2185 432 2248; x_wconf 87' lang='lat' dir='ltr'>excepit</span> <span class='ocrx_word' id='word_1_162' title='bbox 444 2182 521 2232; x_wconf 85' lang='lat' dir='ltr'>Pallas</span> <span class='ocrx_word' id='word_1_163' title='bbox 533 2200 541 2242; x_wconf 75' lang='grc' dir='ltr'><strong>ς</strong></span> <span class='ocrx_word' id='word_1_164' title='bbox 557 2199 674 2249; x_wconf 83' lang='lat' dir='ltr'>avemque</span> <span class='ocrx_word' id='word_1_165' title='bbox 761 2235 762 2238; x_wconf 53' lang='lat'>,</span> 
     </span>
     <span class='ocr_line' id='line_1_25' title="bbox 46 2258 632 2328; baseline 0 -18"><span class='ocrx_word' id='word_1_166' title='bbox 46 2258 185 2320; x_wconf 87' lang='lat' dir='ltr'>Reddidit,</span> <span class='ocrx_word' id='word_1_167' title='bbox 204 2265 230 2310; x_wconf 85' lang='lat'>&amp;</span> <span class='ocrx_word' id='word_1_168' title='bbox 248 2258 331 2310; x_wconf 89' lang='lat' dir='ltr'>medio</span> <span class='ocrx_word' id='word_1_169' title='bbox 343 2261 432 2328; x_wconf 66' lang='lat' dir='ltr'>uelauit</span> <span class='ocrx_word' id='word_1_170' title='bbox 442 2264 467 2310; x_wconf 90' lang='lat' dir='ltr'>in</span> <span class='ocrx_word' id='word_1_171' title='bbox 478 2267 529 2312; x_wconf 90' lang='lat' dir='ltr'>a&#39;e&#39;re</span> <span class='ocrx_word' id='word_1_172' title='bbox 540 2264 632 2328; x_wconf 88' lang='lat' dir='ltr'>pennis.</span> 
     </span>
     <span class='ocr_line' id='line_1_26' title="bbox 45 2335 679 2406; baseline 0.006 -20"><span class='ocrx_word' id='word_1_173' title='bbox 45 2335 96 2386; x_wconf 86' lang='lat' dir='ltr'>Sed</span> <span class='ocrx_word' id='word_1_174' title='bbox 115 2340 187 2402; x_wconf 76' lang='lat' dir='ltr'>vigor</span> <span class='ocrx_word' id='word_1_175' title='bbox 197 2341 288 2404; x_wconf 77' lang='lat' dir='ltr'>ingenii</span> <span class='ocrx_word' id='word_1_176' title='bbox 300 2371 308 2398; x_wconf 93' lang='lat'>,</span> <span class='ocrx_word' id='word_1_177' title='bbox 325 2336 448 2406; x_wconf 80' lang='lat' dir='ltr'>quondam</span> <span class='ocrx_word' id='word_1_178' title='bbox 456 2338 563 2399; x_wconf 84' lang='lat' dir='ltr'>velocis,</span> <span class='ocrx_word' id='word_1_179' title='bbox 576 2343 601 2389; x_wconf 89' lang='lat' dir='ltr'>in</span> <span class='ocrx_word' id='word_1_180' title='bbox 613 2339 679 2400; x_wconf 87' lang='lat' dir='ltr'>alas,</span> 
     </span>
     <span class='ocr_line' id='line_1_27' title="bbox 45 2414 815 2484; baseline 0.005 -20"><span class='ocrx_word' id='word_1_181' title='bbox 45 2416 124 2482; x_wconf 82' lang='lat' dir='ltr'>inque</span> <span class='ocrx_word' id='word_1_182' title='bbox 135 2414 207 2482; x_wconf 87' lang='lat' dir='ltr'>pedes</span> <span class='ocrx_word' id='word_1_183' title='bbox 219 2418 294 2466; x_wconf 80' lang='lat' dir='ltr'>abiit:</span> <span class='ocrx_word' id='word_1_184' title='bbox 307 2432 410 2477; x_wconf 85' lang='lat' dir='ltr'>nomen,</span> <span class='ocrx_word' id='word_1_185' title='bbox 421 2415 488 2484; x_wconf 88' lang='lat' dir='ltr'>quod</span> <span class='ocrx_word' id='word_1_186' title='bbox 499 2422 523 2467; x_wconf 69' lang='lat' dir='ltr'>sc</span> <span class='ocrx_word' id='word_1_187' title='bbox 537 2432 591 2467; x_wconf 86' lang='lat' dir='ltr'>ante</span> <span class='ocrx_word' id='word_1_188' title='bbox 601 2453 609 2479; x_wconf 91' lang='lat'><strong><em>,</em></strong></span> <span class='ocrx_word' id='word_1_189' title='bbox 620 2422 741 2470; x_wconf 84' lang='lat' dir='ltr'>remansit.</span> <span class='ocrx_word' id='word_1_190' title='bbox 772 2436 783 2468; x_wconf 82' lang='lat' dir='ltr'>a</span> <span class='ocrx_word' id='word_1_191' title='bbox 790 2439 815 2481; x_wconf 75' lang='grc' dir='ltr'>,ς</span> 
     </span>
     <span class='ocr_line' id='line_1_28' title="bbox 43 2493 700 2562; baseline 0.006 -18"><span class='ocrx_word' id='word_1_192' title='bbox 43 2494 105 2545; x_wconf 85' lang='lat' dir='ltr'>Nou</span> <span class='ocrx_word' id='word_1_193' title='bbox 118 2510 200 2545; x_wconf 79' lang='lat' dir='ltr'>tamen</span> <span class='ocrx_word' id='word_1_194' title='bbox 211 2497 261 2545; x_wconf 80' lang='lat' dir='ltr'>haec</span> <span class='ocrx_word' id='word_1_195' title='bbox 278 2493 324 2544; x_wconf 64' lang='lat' dir='ltr'>alti</span> <span class='ocrx_word' id='word_1_196' title='bbox 334 2495 438 2544; x_wconf 83' lang='lat' dir='ltr'>volucris</span> <span class='ocrx_word' id='word_1_197' title='bbox 449 2499 489 2547; x_wconf 81' lang='lat' dir='ltr'>sua</span> <span class='ocrx_word' id='word_1_198' title='bbox 502 2514 602 2562; x_wconf 81' lang='lat' dir='ltr'>corpora</span> <span class='ocrx_word' id='word_1_199' title='bbox 617 2497 700 2558; x_wconf 85' lang='lat' dir='ltr'>tollit,</span> 
     </span>
     <span class='ocr_line' id='line_1_29' title="bbox 43 2573 665 2639; baseline -0.002 -15"><span class='ocrx_word' id='word_1_200' title='bbox 43 2574 99 2624; x_wconf 83' lang='lat' dir='ltr'>Nec</span> <span class='ocrx_word' id='word_1_201' title='bbox 111 2573 171 2624; x_wconf 84' lang='lat' dir='ltr'>facit</span> <span class='ocrx_word' id='word_1_202' title='bbox 181 2577 207 2622; x_wconf 89' lang='lat' dir='ltr'>in</span> <span class='ocrx_word' id='word_1_203' title='bbox 218 2576 303 2627; x_wconf 82' lang='lat' dir='ltr'>tamis,</span> <span class='ocrx_word' id='word_1_204' title='bbox 315 2573 413 2639; x_wconf 84' lang='lat' dir='ltr'>altoque</span> <span class='ocrx_word' id='word_1_205' title='bbox 424 2577 564 2635; x_wconf 81' lang='lat' dir='ltr'>cacumine,</span> <span class='ocrx_word' id='word_1_206' title='bbox 577 2574 647 2624; x_wconf 88' lang='lat' dir='ltr'>nidos</span> <span class='ocrx_word' id='word_1_207' title='bbox 659 2593 665 2623; x_wconf 70' lang='grc' dir='ltr'><strong>ε</strong></span> 
     </span>
     <span class='ocr_line' id='line_1_30' title="bbox 44 2652 721 2720; baseline 0.003 -19"><span class='ocrx_word' id='word_1_208' title='bbox 44 2655 148 2718; x_wconf 85' lang='lat' dir='ltr'>Propter</span> <span class='ocrx_word' id='word_1_209' title='bbox 163 2653 267 2702; x_wconf 90' lang='lat' dir='ltr'>humum</span> <span class='ocrx_word' id='word_1_210' title='bbox 277 2652 378 2711; x_wconf 86' lang='lat' dir='ltr'>volitat,</span> <span class='ocrx_word' id='word_1_211' title='bbox 394 2657 510 2720; x_wconf 85' lang='lat' dir='ltr'>ponitque</span> <span class='ocrx_word' id='word_1_212' title='bbox 522 2657 547 2702; x_wconf 87' lang='lat' dir='ltr'>in</span> <span class='ocrx_word' id='word_1_213' title='bbox 558 2655 651 2718; x_wconf 85' lang='lat' dir='ltr'>sepibus</span> <span class='ocrx_word' id='word_1_214' title='bbox 662 2670 721 2712; x_wconf 78' lang='lat' dir='ltr'>ov23</span> 
     </span>
     <span class='ocr_line' id='line_1_31' title="bbox 42 2730 631 2800; baseline -0.01 -16"><span class='ocrx_word' id='word_1_215' title='bbox 42 2733 196 2800; x_wconf 80' lang='lat' dir='ltr'>Antiquique</span> <span class='ocrx_word' id='word_1_216' title='bbox 208 2747 319 2792; x_wconf 86' lang='lat' dir='ltr'>memor,</span> <span class='ocrx_word' id='word_1_217' title='bbox 337 2735 424 2782; x_wconf 85' lang='lat' dir='ltr'>metuit</span> <span class='ocrx_word' id='word_1_218' title='bbox 433 2732 545 2782; x_wconf 83' lang='lat' dir='ltr'>sublimia</span> <span class='ocrx_word' id='word_1_219' title='bbox 555 2730 631 2780; x_wconf 73' lang='lat' dir='ltr'>casus.</span> 
     </span>
    </p>
   </div>
   <div class='ocr_carea' id='block_1_4' title="bbox 75 2890 813 2958">
    <p class='ocr_par' dir='ltr' id='par_1_7' title="bbox 75 2890 813 2958">
     <span class='ocr_line' id='line_1_32' title="bbox 75 2890 813 2958; baseline 0.001 -19"><span class='ocrx_word' id='word_1_220' title='bbox 75 2893 178 2958; x_wconf 78' lang='lat' dir='ltr'>iainque</span> <span class='ocrx_word' id='word_1_221' title='bbox 192 2890 319 2956; x_wconf 77' lang='lat' dir='ltr'>fatigatum</span> <span class='ocrx_word' id='word_1_222' title='bbox 333 2891 403 2941; x_wconf 87' lang='lat' dir='ltr'>tellus</span> <span class='ocrx_word' id='word_1_223' title='bbox 413 2891 506 2942; x_wconf 80' lang='lat' dir='ltr'>AEtnaea</span> <span class='ocrx_word' id='word_1_224' title='bbox 517 2891 612 2940; x_wconf 83' lang='lat' dir='ltr'>tenebat</span> <span class='ocrx_word' id='word_1_225' title='bbox 768 2893 813 2930; x_wconf 69' lang='lat'>²⁶0</span> 
     </span>
    </p>
   </div>
   <div class='ocr_carea' id='block_1_5' title="bbox 40 2967 726 3099">
    <p class='ocr_par' dir='ltr' id='par_1_8' title="bbox 40 2967 726 3099">
     <span class='ocr_line' id='line_1_33' title="bbox 40 2967 687 3097; baseline -0.003 -74"><span class='ocrx_word' id='word_1_226' title='bbox 40 2969 183 3032; x_wconf 60' lang='lat' dir='ltr'>Daedalom</span> <span class='ocrx_word' id='word_1_227' title='bbox 201 2973 226 3021; x_wconf 69' lang='grc' dir='ltr'>ὅ(</span> <span class='ocrx_word' id='word_1_228' title='bbox 239 2971 322 3020; x_wconf 85' lang='lat' dir='ltr'>sumtis</span> <span class='ocrx_word' id='word_1_229' title='bbox 329 2987 373 3037; x_wconf 89' lang='lat' dir='ltr'>pro</span> <span class='ocrx_word' id='word_1_230' title='bbox 384 2969 488 3036; x_wconf 81' lang='lat' dir='ltr'>supplice</span> <span class='ocrx_word' id='word_1_231' title='bbox 500 2967 605 3097; x_wconf 51' lang='lat' dir='ltr'>Cocaips</span> <span class='ocrx_word' id='word_1_232' title='bbox 616 2971 687 3022; x_wconf 77' lang='lat' dir='ltr'>arinis</span> 
     </span>
     <span class='ocr_line' id='line_1_34' title="bbox 610 3063 726 3099; baseline 0 -1"><span class='ocrx_word' id='word_1_233' title='bbox 610 3063 635 3099; x_wconf 75' lang='lat' dir='ltr'>lv</span> <span class='ocrx_word' id='word_1_234' title='bbox 703 3065 710 3071; x_wconf 68' lang='grc'><strong>“</strong></span> <span class='ocrx_word' id='word_1_235' title='bbox 724 3075 726 3082; x_wconf 93' lang='grc'><strong><em>·</em></strong></span> 
     </span>
    </p>
   </div>
   <div class='ocr_carea' id='block_1_6' title="bbox 0 0 1044 3708">
    <p class='ocr_par' dir='ltr' id='par_1_9' title="bbox 0 0 1044 3708">
     <span class='ocr_line' id='line_1_35' title="bbox 0 0 1044 3708; baseline 0 5"><span class='ocrx_word' id='word_1_236' title='bbox 0 0 1044 3708; x_wconf 95' lang='lat' dir='ltr'> </span> 
     </span>
    </p>
   </div>
  </div>
 </body>
</html>
