2036 3714
122 303 553 379 MsrAMortrrrosrorr
578 311 616 378 l.
640 314 704 381 XI.
734 337 802 399 249

82 427 177 496 Adjieis
194 433 250 481 huic
267 433 349 480 animo
363 448 487 484 momenta
497 435 622 498 potentia,
638 433 730 486 clarum
808 433 856 498 285
959 425 961 432 ’

81 503 202 564 Nomen,
211 525 310 576 avumq3
320 513 400 574 jovem
411 528 417 560 t
430 527 474 560 nec
483 526 591 576 tempora
599 509 669 576 perde
677 510 804 576 precando.

82 585 160 645 Quod
179 591 250 653 petis,
260 605 333 638 omne
338 589 397 639 fetes
407 609 413 638 :
422 593 565 656 tuaquehaec
577 608 621 656 pro
631 605 697 656 parte
704 587 786 640 videto
796 624 804 648 ‚

82 663 278 731 Qualiacumque
294 665 369 716 vides.
383 666 484 718 Utinam
494 668 596 718 meliora
604 665 714 716 uideres!

82 739 116 793 Et
132 739 214 792 flebat.
234 744 334 792 Moveat
344 760 396 810 quae
410 760 490 794 tantm
500 747 569 794 causa
579 743 692 804 dolores,

81 818 217 886 Peleusque
227 825 375 886 comitesque
390 837 476 886 rogant
488 840 494 870 a
506 822 592 888 quibus
603 821 645 870 ille
656 819 772 886 profatur.
808 836 854 880 290

117 895 228 945 Forsitan
239 897 300 947 hanc
310 897 434 946 volucrem
445 913 531 961 ,rapto
542 913 594 962 quae
602 899 676 956 vivit,
686 900 711 944 ἃ
722 911 806 944 omrtcs

83 970 172 1020 Terret
191 988 261 1031 aves,
278 975 368 1038 semper
378 989 466 1039 pennas
476 971 582 1022 habuisse
592 976 690 1038 putetis.

83 1045 130 1096 Vir
149 1047 212 1096 suit:
226 1051 250 1096 δι
265 1063 331 1096 tauta
344 1048 376 1097 est
386 1051 460 1097 animi
471 1050 602 1100 constantia
612 1083 619 1108 ,
631 1063 749 1114 quantum

83 1123 148 1172 Acer
161 1140 226 1183 erat,
244 1124 355 1190 belloque
367 1123 454 1185 ferox,
466 1123 496 1174 ad
506 1129 603 1192 vimque
615 1140 727 1190 paratus:

82 1198 193 1248 Nomine
204 1198 349 1259 Daedalion,
360 1200 405 1248 illo
416 1203 523 1264 genitore
534 1216 626 1250 creatus
808 1231 852 1278 295

84 1274 135 1334 Qui
146 1290 217 1324 vocat
230 1277 346 1324 Auroram
359 1309 367 1334 ‚
380 1276 491 1340 coeloque
503 1277 644 1326 novissimus
655 1279 711 1324 exit.

83 1351 162 1402 Culta
177 1355 237 1402 mihi
246 1369 291 1417 pax
303 1353 335 1400 est
346 1370 354 1410 3
364 1354 428 1417 pacis
441 1355 500 1402 mihi
512 1369 568 1404 tuta
578 1349 685 1401 tenendae
695 1386 705 1406 ,

84 1429 264 1496 Coniugiique,
282 1429 329 1478 suit
340 1448 346 1478 t
359 1429 428 1478 fratri
438 1429 489 1482 fera
498 1429 560 1479 bella
570 1430 696 1495 placebant
708 1447 715 1478 =

82 1507 153 1557 lilius
173 1512 248 1558 virtus
259 1526 324 1574 reges
334 1545 341 1568 ‚
353 1524 482 1576 gentesque
494 1511 595 1574 subegit.

84 1585 146 1650 Quae
160 1602 224 1636 nunc
241 1587 354 1635 ThisbSas
365 1589 439 1651 agitat
450 1601 542 1636 mutata
558 1587 702 1648 columbas,
805 1611 853 1656 300

83 1663 150 1714 Nata
163 1680 213 1714 erat
224 1667 279 1714 huic
292 1663 387 1714 Chione
401 1682 470 1731 :quae
481 1663 631 1716 dotatissima
642 1665 723 1714 sormi

81 1744 156 1794 Mille
173 1747 251 1810 procis
262 1743 366 1809 placuit,
379 1745 414 1792 bis
425 1745 514 1808 septem
526 1744 613 1794 nubilis
624 1747 699 1794 annis.

82 1823 156 1874 Fottd
172 1837 333 1882 revertentes,
344 1823 447 1871 Phttbus
459 1822 572 1886 Maiique
583 1837 690 1881 creatus,

82 1903 129 1952 llle
147 1904 193 1952 suis
208 1901 323 1967 Delphis,
336 1903 375 1948 hit
387 1903 476 1950 vertice
487 1897 630 1960 Cylltnaeo,

82 1978 173 2030 Vidste
186 1983 247 2031 hanc
265 1983 371 2044 paritet,
386 1981 474 2043 pariter
489 1993 577 2026 traxere
588 1979 703 2028 calorem.
805 1998 848 2044 3⁰5

81 2061 155 2125 Spem
170 2059 268 2108 Veneris
279 2055 361 2107 differt
371 2059 397 2105 in
407 2072 516 2120 tempora
526 2056 602 2104 nosiis
614 2056 720 2121 Apoll03

82 2137 143 2187 Nou
155 2135 211 2186 tulit
225 2136 268 2184 ille
285 2153 362 2185 moras
375 2154 380 2183 t
392 2134 508 2199 virglque
519 2150 631 2184 movente
642 2137 752 2200 soporem

82 2214 192 2278 Virginis
209 2231 235 2264 os
252 2217 338 2278 tangit.
354 2214 428 2262 Talin
438 2216 501 2278 jacet
512 2212 554 2262 illa
567 2216 677 2280 potenti,

82 2291 190 2358 Vimque
202 2291 249 2342 Dei
264 2294 362 2357 patitur.
374 2291 430 2340 Nox
440 2291 529 2340 corium
540 2293 653 2357 sparserat
662 2294 742 2342 astrisz

83 2369 189 2420 Phoebus
210 2387 281 2418 anum
294 2368 407 2429 simulat,
423 2385 585 2435 praeceptaque
603 2369 689 2436 gaudia
702 2373 783 2420 sumit.
806 2391 851 2434 μα

83 2447 120 2497 Ut
129 2451 170 2497 sua
188 2464 294 2498 maturus
306 2447 437 2512 complevit
448 2463 556 2512 tempora
571 2465 669 2510 venter,

82 2523 191 2590 Alipedis
202 2523 232 2574 cle
243 2525 312 2590 stirpe
323 2525 385 2586 Dei,
398 2529 491 2576 versuta
503 2543 625 2594 propago,
645 2515 649 2526 ¹

83 2602 196 2652 Nascitur
216 2601 364 2664 Autolycus,
384 2603 474 2654 furtum
486 2607 620 2670 ingeniosus
632 2607 662 2660 ad
672 2625 757 2668 omne-3

84 2679 133 2741 Qui
153 2680 231 2730 facere
242 2678 359 2742 affuerat,
373 2687 455 2748 patriar
470 2699 520 2734 non
530 2684 632 2750 degener
646 2691 720 2747 artis,

82 2757 196 2810 Candida
219 2756 249 2810 de
264 2762 354 2824 nigris,
374 2764 399 2810 &
411 2759 441 2810 de
452 2760 606 2810 candentibus
616 2777 674 2812 atra.
742 2823 744 2830 y
760 2775 762 2782 ’
806 2793 848 2840 3¹5

83 2835 197 2886 Nascitur
216 2854 228 2886 e
246 2837 340 2886 Phoebo
350 2871 358 2896 ,
369 2853 473 2896 namque
483 2839 516 2886 est
527 2842 594 2888 enixa
607 2841 742 2904 gemellos,
768 2844 769 2848 ’

82 2911 200 2964 Carmine
218 2915 296 2964 vocali
308 2914 385 2966 clarus
398 2915 535 2980 cithatsque
547 2917 708 2968 Philammon.

82 2987 151 3053 Quid
161 2989 278 3058 peperisse
289 2989 370 3055 duos,
389 2996 413 3042 dt
431 2990 476 3042 Dis
487 2991 599 3058 placuisse
611 2994 721 3048 duobus?

644 3075 695 3128 Lu
