1980 3714
251 259 317 324 3¹2
392 235 437 305 P.
465 237 620 305 ovrnn
645 237 846 305 NAsours

244 357 358 424 Liquerat
368 356 488 407 Euboicus
499 355 646 408 tumidarum
661 358 744 406 cultor
756 375 868 424 aquarum
878 375 887 418 ·,

211 433 224 482 Ι
244 435 356 502 Liquerat
373 439 399 486 dc
417 435 540 491 Zanclen.
555 434 700 501 adversaque
712 439 806 484 rnoenia
818 435 902 500 Rhegi,

243 513 448 578 Navifragumque
460 513 565 573 fretum,
577 515 676 578 gemino
687 512 758 578 quod
768 514 841 562 litore
851 510 933 579 preffun

242 593 352 644 Ausoniae
362 591 492 657 Siculaque
506 606 571 640 tenet
583 589 690 640 confinia
701 605 780 639 rerrae.

241 667 315 728 Inde,
327 685 400 722 manu
417 668 503 734 magni
513 669 639 730 Tyrrhena
648 685 690 733 per
698 685 797 733 aequora
809 667 897 732 ispius,

239 745 379 796 Herbiferos
395 745 454 796 adiit
466 745 557 806 colles,
569 762 641 811 atque
652 749 712 794 atria
722 745 833 794 Glaucus

193 829 224 864 ¹0
240 825 295 880 Sole
312 827 366 880 sat:
379 823 481 884 Circes,
495 827 613 872 variarum
624 823 696 888 piena
708 823 824 871 ferarum.

237 903 317 964 Quam
329 903 399 954 simul
410 905 512 968 aspexits
526 899 589 952 dini
599 901 746 968 acceptique
755 901 849 960 salute,

236 980 314 1040 Diva,
333 981 376 1030 Dei
391 983 515 1038 miserere,
525 995 626 1044 precor:
638 996 694 1028 uana
703 979 755 1028 sois
768 979 848 1028 levare

234 1057 274 1108 Tu
285 1074 352 1123 potes
362 1061 425 1108 hunc
435 1093 443 1116 ,
455 1055 531 1116 dixit,
541 1055 623 1106 videar
633 1054 711 1105 modi>
724 1055 825 1120 dignus,
838 1072 936 1105 amorem.

234 1134 330 1196 Quanta
348 1139 378 1184 sit
388 1135 514 1184 herbarum
524 1169 532 1194 ,
550 1134 651 1190 Titani,
666 1139 779 1199 potentia
789 1135 868 1192 nulii,

187 1219 214 1268 ¹5
234 1213 316 1274 Qnim
326 1217 402 1274 mihi,
415 1215 547 1278 cognitius,
558 1215 601 1278 qui
614 1214 667 1261 sum
677 1227 787 1262 mutatus
796 1214 827 1260 ab
838 1213 884 1262 iilis

233 1290 301 1341 Neve
315 1296 363 1342 mei
373 1309 422 1342 non
438 1305 495 1340 stota
507 1291 551 1339 tibi
562 1293 592 1340 sit
603 1293 671 1340 causa
690 1291 779 1340 furoris
789 1307 799 1350 ς

232 1367 313 1425 Litore
324 1375 349 1426 in
369 1371 470 1424 italico,
481 1365 598 1418 Meuania
609 1371 694 1418 menia
705 1383 808 1428 contra,

231 1446 310 1506 Scylla
320 1451 380 1501 mibi
398 1451 446 1498 visa
458 1447 508 1503 eii:
519 1445 596 1516 pudor
606 1447 638 1502 est
648 1444 764 1511 promissa
776 1481 784 1506 ,
798 1461 923 1516 precesque¹

228 1521 407 1592 Blanditiasque
423 1543 504 1596 ineas,
520 1539 690 1598 contemtaque
701 1526 775 1573 verba
787 1525 881 1578 referre.

182 1605 213 1642 ²⁰
229 1600 261 1650 At
270 1615 313 1655 tu.
333 1605 381 1651 sive
393 1601 486 1668 aliquid
496 1605 564 1670 regni
575 1603 607 1652 est
619 1605 646 1652 in
657 1605 765 1650 carmine
777 1637 785 1662 ,
804 1619 896 1654 carmen

227 1677 275 1728 Ore
285 1695 356 1728 move
370 1681 436 1729 sacro
448 1699 454 1729 t
467 1685 516 1731 sive
527 1683 685 1746 expugnatior
702 1681 777 1730 herba
789 1679 842 1741 est;

226 1755 299 1806 Utere
318 1759 413 1807 tentatis
430 1762 535 1824 operosae
550 1761 641 1809 viribus
657 1759 746 1808 herbae.

226 1832 278 1883 Nec
299 1833 408 1886 medeare
421 1839 497 1897 mihi,
515 1839 628 1902 sanesque
640 1839 690 1885 haec
704 1835 804 1886 vulnera
821 1835 919 1895 mandor

223 1913 329 1980 fineque
338 1915 372 1963 nil
389 1931 448 1980 opus
460 1915 506 1968 eii:
520 1929 612 1980 partem
623 1914 685 1963 ferat
693 1913 737 1965 ilia
748 1914 846 1964 caloris.

175 2005 203 2051 ις
223 1989 255 2040 At
269 1991 357 2048 Circe,
368 2009 444 2064 neque
455 1995 519 2046 enirn
528 1991 631 2044 flammis
641 1993 713 2041 habet
724 1995 803 2056 aptius
813 1993 863 2043 uiis

221 2069 321 2118 Talibus
332 2073 455 2136 ingenium
466 2088 475 2132 3
487 2072 526 2119 seu
538 2071 607 2136 cauit
617 2071 650 2118 est
660 2073 729 2136 hujus
741 2073 767 2118 in
779 2073 850 2134 ipsa,

220 2146 265 2194 Seu
276 2147 356 2194 Venus
367 2145 458 2196 indicio
471 2148 529 2197 facit
541 2151 587 2197 hoc
601 2145 692 2198 offensa
701 2163 803 2214 paterno
818 2184 828 2208 ,

219 2223 289 2273 Talia
298 2227 371 2276 verba
382 2225 453 2275 refert
464 2245 470 2272 ε
484 2225 572 2274 Melius
583 2228 704 2291 sequerere
711 2227 852 2282 volentem,

217 2303 395 2370 optantemque
410 2303 511 2362 eadem,
525 2303 640 2368 parilique
659 2303 772 2369 cupidine
788 2321 894 2370 captam.

169 2387 201 2433 ⁵⁰
218 2378 311 2446 Dignus
329 2399 379 2431 eras
392 2381 471 2432 :ultro
483 2397 575 2448 poteras
585 2380 695 2449 certique
703 2386 800 2446 rogari,

214 2457 262 2518 Et,
279 2463 298 2508 si
314 2463 378 2524 spem
389 2459 481 2510 dederis
492 2495 501 2519 ,
512 2457 649 2508 mihicrede
662 2493 669 2517 ‚
685 2460 807 2523 rogaberis
820 2460 893 2509 ultro.

214 2535 268 2585 Neu
287 2535 396 2596 dubites,
416 2538 524 2603 absitque
536 2553 580 2586 tuae
596 2534 683 2586 fiducia
694 2537 800 2595 formas

212 2611 249 2662 Eu
260 2631 320 2678 ego,
337 2614 392 2664 crim
411 2613 463 2664 Dea
476 2619 541 2675 sim,
557 2613 628 2663 nitidi
639 2614 693 2664 caim
705 2613 755 2664 filia
771 2615 852 2676 Solis,

212 2688 327 2746 Carmine
337 2692 392 2742 ctitn
407 2707 517 2750 tantum,
533 2681 625 2742 tanturn
641 2691 695 2741 etim
707 2695 816 2758 gramine
827 2696 925 2758 possim,

165 2767 192 2819 35
214 2766 246 2815 Ut
264 2771 376 2829 tussim,
396 2787 482 2822 voveo.
498 2772 651 2832 Spernentem
666 2773 748 2836 sperne
766 2774 895 2838 :sequenti

211 2841 292 2892 Redde
302 2848 365 2898 vices
375 2881 382 2906 ‚
394 2863 490 2914 unoque
501 2845 559 2896 duos
572 2847 683 2896 ulciscere
694 2848 767 2898 facto.

209 2921 279 2974 Talia
289 2929 389 2976 tentanti
396 2925 411 2983 ,'
425 2924 490 2976 Prius
502 2959 511 2988 ,
522 2927 600 2992 inquit
610 2959 621 2989 ,
636 2929 662 2977 in
676 2943 772 2996 aequore
783 2927 883 2979 frondes
894 2964 904 2988 ‚

802 3005 922 3068 Glaucus,
