2036 3714
150 199 702 310 Mssarronrrrossortfflsl.
737 263 806 333 247

84 357 175 410 Clarus
191 376 241 410 etat
251 361 330 411 Divi:
340 378 383 410 nec
391 365 428 411 avi
439 365 515 426 magis
526 361 567 412 ille
580 363 684 426 superbit

84 437 212 498 Nomine,
229 439 303 503 quim
315 441 407 503 soceri:
420 437 540 504 siquidem
550 439 615 488 lovis
625 437 671 488 effe
679 443 761 508 nepoti

82 513 202 580 Contigit
213 514 276 565 haud
288 519 346 576 uni,
360 521 448 580 conjux
459 517 511 565 Dea
521 519 625 581 contigit
636 521 685 566 uni.
806 519 853 553 ²²⁰

82 592 199 658 Namque
210 596 278 642 senex
289 593 387 643 Thetidi
399 595 513 652 Proteus,
526 595 592 654 Dea,
604 594 711 656 dixerat,
722 595 800 656 undu,

80 669 196 736 Concipe
208 690 214 718 ε
227 687 303 720 mater
314 675 359 720 eris
373 676 470 736 juveni,
484 675 526 738 qui
536 673 638 722 sortibus
650 677 705 722 asiis

78 749 140 798 Atra
152 753 225 815 patris
242 753 338 810 vincet3
350 755 473 817 majorque
483 752 607 800 vocabitur
617 751 671 800 illo.

80 825 166 890 Ergo,
185 831 355 894 nequicquam
366 827 469 878 mundus
480 830 538 879 Jove
552 833 628 894 maius
637 831 734 880 haberet
744 865 753 888 ,

80 904 202 965 Quamvis
212 905 277 957 haud
287 905 381 972 tepidos
393 909 434 956 sub
444 910 537 972 periore
548 910 650 958 senserat
660 910 726 974 ignes
803 917 848 965 ²21¹

76 983 208 1048 luppiter,
227 1001 341 1052 aequorea
352 984 460 1036 Thetidis
471 988 591 1036 connubia
605 989 666 1038 vitat
677 1003 686 1046 3

66 1125 68 1127 ‚
79 1062 111 1110 In
122 1065 211 1129 suaque
222 1062 338 1113 AEaciden
348 1062 471 1114 succedere
481 1079 539 1116 vota
549 1081 663 1130 nepotem

78 1141 154 1190 Jussit
165 1177 173 1202 ‚
186 1147 211 1190 &
226 1142 347 1207 amplexus
357 1145 383 1192 in
394 1144 491 1208 virginis
504 1146 537 1192 ire
551 1146 657 1192 marinae.

113 1219 155 1268 Est
165 1224 228 1270 sinus
240 1221 372 1270 Hemoniae
386 1237 470 1271 curvos
481 1220 581 1270 falcatus
592 1223 618 1268 in
628 1235 695 1270 arcus
709 1237 717 1268 e

77 1297 181 1348 Brachia
195 1313 354 1364 procurrunt3
365 1299 423 1358 ubi,
440 1302 458 1346 si
469 1297 532 1346 foret
541 1297 613 1347 altior
624 1294 703 1352 unda,
800 1310 847 1358 230

77 1376 166 1425 Portus
177 1391 228 1424 erat
240 1395 246 1424 ι
258 1378 356 1427 summis
365 1374 490 1426 indusium
501 1375 533 1424 est
545 1391 626 1440 equor
637 1377 721 1424 arenis.

77 1453 148 1502 Litus
163 1456 236 1502 habet
249 1453 369 1514 solidum,
380 1451 457 1520 ·quod
472 1469 516 1502 nec
532 1454 629 1518 vestigia
645 1455 737 1512 servet,

77 1529 132 1580 Nec
153 1546 285 1581 remoretur
300 1534 359 1591 iter,
372 1548 415 1581 nec
431 1545 542 1596 opertum
552 1529 654 1596 pendeat
664 1531 729 1596 aigi.

76 1608 176 1670 Myrtea
192 1609 251 1659 silva
267 1610 360 1670 subest,
376 1609 522 1660 bicoloribus
533 1610 612 1658 obsita
622 1609 709 1658 baetis.

73 1686 116 1737 Est
135 1689 217 1752 specus
228 1689 254 1736 in
271 1686 370 1736 medio:
383 1687 467 1738 naturl
485 1687 558 1738 fassus
569 1723 577 1748 ,
590 1703 620 1736 an
631 1702 693 1748 arte,
797 1703 841 1750 235

75 1764 227 1829 Ambiguum
238 1784 245 1824 3
263 1768 339 1830 magis
350 1759 399 1816 arte
411 1781 491 1814 tamen
503 1783 509 1813 t
521 1765 570 1831 qub
580 1768 640 1829 saepe
649 1768 730 1815 venire

75 1841 181 1892 frenato
193 1841 304 1907 delphine
312 1841 412 1901 sedens,
429 1843 502 1891 Theti
512 1841 591 1902 nuda,
602 1842 703 1896 solebas.

72 1917 129 1968 Illic
141 1935 164 1970 te
176 1920 273 1981 Peleus,
290 1935 318 1970 ut
331 1922 417 1970 somno
431 1922 510 1970 sinsla
519 1921 628 1986 jacebas,

75 1997 187 2064 Occupat
199 2018 206 2047 ε
218 2002 255 2060 be,
275 2001 391 2065 quoniam
409 1999 517 2062 precibus
528 2011 617 2048 tentata
628 2013 759 2062 repugnas,

73 2073 134 2124 Vim
144 2091 229 2140 parat,
248 2080 367 2126 innesiens
382 2078 498 2126 ambobus
509 2075 574 2124 colla
589 2073 693 2125 lacertis.
796 2095 842 2141 ²40

73 2152 205 2213 Quodnisi
215 2153 314 2204 venisses
325 2189 333 2214 ‚
347 2157 442 2204 variatis
456 2157 515 2220 sape
526 2151 623 2219 figuris,

73 2229 112 2280 Ad
127 2232 209 2281 solitas
219 2249 280 2282 artes
290 2269 297 2291 ‚
313 2234 369 2281 auso
381 2233 444 2281 soret
454 2232 495 2280 ille
503 2235 602 2297 potitus.

73 2308 119 2357 Sed
132 2307 210 2358 modb
222 2325 247 2366 tu
256 2309 376 2369 volucris,
388 2310 510 2360 volucrem
521 2325 602 2360 tamen
612 2308 654 2359 ille
663 2310 773 2368 tenebat3

73 2386 146 2436 Nunc
157 2391 234 2453 gravis
248 2390 318 2437 arbor
336 2377 386 2437 eras¹
393 2423 400 2447 ,
413 2390 517 2438 herebat
527 2391 552 2437 in
562 2389 646 2436 arbore
655 2387 746 2438 Peleus.

73 2464 157 2514 Tertia
168 2465 247 2514 forma
259 2465 305 2514 suit
322 2465 448 2514 maculosa:
460 2455 620 2530 tigridis:illi
732 2475 739 2494 ⁸
793 2488 839 2538 245

72 2541 181 2592 Territus
193 2541 302 2592 AEacides
315 2559 328 2592 a
339 2559 439 2608 corpore
452 2543 547 2594 brachia
559 2543 641 2594 solvit.

70 2617 131 2670 lnde
148 2619 214 2668 Deos
225 2620 318 2685 pelagi,
332 2622 389 2671 vino
405 2623 472 2686 super
482 2635 577 2688 aequora
587 2621 657 2683 fuso,

71 2697 102 2746 Et
118 2701 211 2762 pecoris
223 2697 301 2758 fibris,
320 2702 345 2748 bt
360 2699 428 2748 fumo
440 2703 497 2748 turis
507 2697 599 2747 adorat.

69 2774 156 2824 Donec
168 2775 311 2840 Carpathius
322 2775 403 2826 medio
419 2774 448 2825 de
460 2778 552 2840 gurgite
563 2789 646 2834 vates,

69 2852 99 2901 ff
102 2847 189 2912 acida,
205 2851 282 2913 dixit,
300 2854 410 2902 thalamis
427 2857 518 2918 potiere
534 2855 623 2917 petitis.
789 2881 834 2929 ²50

69 2930 111 2984 Tu
126 2929 219 2996 modo,
237 2929 293 2984 crim
304 2929 385 2999 gelido
396 2931 472 2996 sopita
482 2931 588 2998 quiescet
597 2932 623 2979 in
637 2945 720 2996 antro,
790 2998 791 3003 Ἰ

608 3009 673 3064 Llr
