2036 3714
209 265 274 357 l9o
348 267 391 337 P.
415 269 570 338 Orruit
591 259 789 336 NAson't's

202 391 291 456 Anguis
302 408 365 442 eras:
375 389 450 440 modb
461 407 484 441 te
494 391 613 440 fatiebant
626 405 716 440 cornua
727 401 834 439 taurum.

150 475 165 520 7
170 479 178 523 3
186 469 264 532 §Saepe
276 469 335 534 lapis
347 485 456 534 potetas,
468 471 539 518 arbor
549 485 645 534 quoque
657 470 716 533 saepe
732 467 820 518 videti.

199 543 323 596 Interdum
336 581 343 606 ,
357 547 443 596 faciem
463 545 607 612 liquidarum
619 549 727 594 imitatus
738 562 870 611 aquarum,

198 621 300 672 Flumen
318 641 367 673 eras
379 644 385 672 ι
396 623 517 674 interdum
527 622 596 674 undis
609 627 741 673 contrarius
751 626 824 688 ignis.

229 791 281 841 Nec
295 796 374 844 minus
388 792 501 856 Autolyci
517 797 623 860 conjux,
642 791 811 842 Erisichthone
825 809 898 856 nats,

195 865 256 914 luris
266 869 346 916 habet.
361 869 429 916 Pater
442 869 511 931 hujus
523 882 588 926 erat,
605 871 647 933 qui
661 867 760 914 numina
775 865 871 915 Diutim

72 1010 75 1014 Ι
144 935 333 1008 7408penieret,
357 949 382 994 ὅ(
396 945 476 994 nullos
490 948 535 993 aris
551 943 658 993 adoleret
668 945 782 992 honores.

193 1023 238 1094 llle
249 1028 321 1076 etiam
336 1024 435 1076 Cereale
445 1041 529 1074 nemus
537 1021 637 1074 violasse
649 1023 723 1072 securi

191 1100 288 1151 Dicitur
299 1120 307 1162 3
326 1107 350 1152 δι
372 1103 438 1152 lucos
450 1102 512 1152 ferro
525 1099 647 1152 temerasse
657 1099 769 1150 vetustos.

192 1181 275 1230 Stabat
289 1185 314 1230 in
326 1184 360 1230 his
371 1183 452 1246 ingens
463 1182 553 1230 annoso
563 1181 649 1229 robore
661 1195 776 1244 quercus,

191 1256 246 1306 Una
266 1275 349 1308 nemus
361 1278 367 1308 r
380 1263 446 1310 vittae
455 1255 562 1308 ‘mediam
574 1291 581 1316 ,
593 1257 758 1322 memoresque
776 1255 869 1306 tabellae
883 1293 896 1322 ,

140 1335 303 1400 7458ertaque
314 1337 442 1402 cingebant
454 1372 461 1394 ‚
475 1339 527 1386 voti
538 1331 677 1401 argumenta
688 1337 801 1399 potentis.

189 1411 254 1476 Saepe
266 1414 307 1460 sub
318 1415 363 1462 hac
378 1411 485 1474 Dryades
496 1411 564 1462 fellas
575 1410 660 1461 duxere
669 1415 784 1472 choreas3

188 1490 254 1554 Saepe
267 1493 339 1539 etiam
352 1526 359 1550 ,
371 1492 481 1538 manibus
491 1493 556 1538 nexis
566 1507 593 1540 ex
605 1488 688 1538 ordine
700 1524 708 1549 ‚
720 1492 799 1540 trunci

188 1565 310 1616 Circuiere
328 1565 428 1616 modum
440 1586 446 1615 s
458 1569 613 1634 mensuraque
625 1569 716 1618 roboris
729 1567 796 1616 ulnas

187 1643 299 1710 Quinque
314 1661 348 1694 ter
359 1645 491 1710 implebat:
505 1662 549 1694 nec
565 1663 615 1695 non
623 1645 647 1694 bc
658 1659 735 1694 cetera
747 1659 814 1694 tanto

139 1719 251 1786 75oSilva
262 1721 303 1767 sub
315 1723 358 1768 hac
372 1756 379 1778 ,
392 1720 451 1768 silvai
461 1736 553 1786 quanto
565 1721 703 1785 jacetherba
714 1721 755 1768 sub
767 1723 844 1768 omni.

185 1797 243 1846 Non
261 1813 341 1847 tamen
351 1791 442 1848 idcirco
452 1799 540 1848 serrum
551 1797 677 1863 Triopeius
693 1796 736 1846 ills

181 1876 319 1938 Abstinuit,
334 1878 484 1944 famulosque
499 1876 565 1944 jubet
578 1874 701 1925 succidere
708 1877 801 1926 sactum

182 1954 264 2003 Robur
276 1975 282 2004 :
296 1961 320 2005 bt
333 1972 359 2006 ut
369 1954 443 2022 jussos
455 1959 557 2005 cundati
575 1953 637 2004 vidit
649 1988 656 2013 ,
672 1958 700 2002 ab
712 1971 759 2003 uno

181 2031 265 2083 Edidit
275 2039 325 2084 haec
336 2035 403 2100 rapti
413 2035 536 2084 sceleratus
546 2035 617 2084 verba
628 2035 711 2082 securi.

132 2123 160 2174 75
168 2111 238 2172 5Non
249 2111 334 2164 dilecta
347 2113 404 2162 Deae
416 2114 506 2168 solum,
524 2111 564 2162 sed
577 2117 600 2161 bs
615 2113 665 2176 ipsa
676 2111 758 2160 licebit

179 2192 215 2238 Sit
232 2191 300 2248 Dea,
312 2195 362 2256 jam
380 2207 462 2255 tanget
473 2189 600 2240 frondente
614 2189 737 2239 cacumine
749 2191 846 2238 terram.

177 2268 246 2318 Dixit
259 2287 265 2317 :
281 2273 305 2317 bc
316 2305 323 2328 ,
342 2268 455 2334 obliquos
467 2268 524 2318 dum
534 2269 609 2318 telum
619 2268 726 2316 libratin
737 2269 811 2326 isius,

178 2344 352 2404 Contremuit,
370 2349 534 2412 gemitumque
552 2343 619 2394 dedit
637 2345 715 2393 Deoia
730 2359 851 2411 quercus:
882 2362 885 2365 “

176 2421 207 2470 Et
221 2427 308 2486 pariter
319 2421 433 2484 frondes,
444 2427 530 2488 pariter
543 2423 667 2488 pallescere
678 2420 777 2486 glandes

127 2497 292 2564 7⁶OCctpete3
314 2516 340 2548 ac
357 2499 423 2564 longi
437 2500 554 2564 pallorem
566 2497 650 2548 ducere
661 2502 730 2547 rami.

173 2574 249 2640 Cujus
267 2591 293 2624 ut
310 2578 335 2624 in
346 2590 431 2624 trunco
443 2577 499 2626 fecit
510 2593 593 2624 nianus
603 2579 676 2641 impia
687 2576 772 2626 vulnus
782 2593 791 2634 ¹,

172 2650 244 2701 Haud
259 2652 327 2702 aliter
338 2650 407 2702 fluxit
420 2689 428 2713 ,
439 2651 541 2702 discussi
556 2657 659 2712 cortice,
671 2655 782 2718 sanguis,

120 2721 123 2728 ’
172 2727 253 2788 Quum
265 2731 325 2780 solet
337 2746 391 2779 ante
409 2748 473 2786 aras,
484 2733 566 2795 ingens
582 2732 622 2779 ubi
632 2733 727 2780 vislima
741 2739 821 2781 tauttis

171 2805 288 2856 Concidit
299 2842 308 2866 ,
320 2808 419 2872 abrupti
429 2826 497 2858 cruor
514 2827 526 2857 e
541 2809 631 2858 cervice
643 2808 760 2873 prosusus.

121 2883 315 2948 7650bstupuere
325 2901 409 2933 omnes
421 2903 426 2932 :
440 2880 611 2951 aliquisque'ex
627 2887 738 2934 omnibus
754 2885 829 2938 audet

168 2961 293 3013 Deterrete
307 2961 372 3014 nefas
383 2997 393 3026 ‚
412 2965 545 3032 saevamque
555 2965 662 3015 inhibere
673 2966 806 3030 bipennim·
