2036 3714
130 244 562 314 Mrrauonrnosnou
578 241 617 310 L.
641 243 704 312 IX.
729 264 802 328 209

80 358 185 428 Noxque
202 362 250 412 fuit
266 379 386 428 preceps,
399 366 424 412 br
435 365 519 428 coeptis
530 361 612 413 invida
622 363 714 412 nostris.
796 363 844 426 485

80 439 104 487 0
117 441 125 488 i
141 457 204 505 ego,
227 445 246 490 si
263 441 334 490 liceat
346 456 439 491 mutato
451 445 550 492 nomine
566 445 650 507 jungi,

80 517 164 578 Quint
176 521 253 579 bene,
265 519 366 581 Caune,
381 534 423 570 tuo
433 535 541 584 poteram
552 535 624 568 nurus
636 517 799 584 effepatentii

78 595 163 655 Quaim
179 597 255 656 bene,
268 596 370 658 Cauno,
384 615 442 646 meo
451 613 545 662 poterat
553 613 625 662 gener
635 595 683 646 ess'e
691 598 798 662 parentii

78 675 191 736 Omnia,
207 675 242 724 Di
258 675 378 736 facerent,
391 674 465 725 effent
476 679 614 724 communit
624 676 709 736 nobis,

76 754 168 802 Praeter
187 755 262 806 avos!
277 756 315 802 Tu
325 771 364 802 me
375 754 465 804 vellem
475 757 611 819 generosior
619 750 685 802 effes.
800 765 850 808 490
911 765 914 769 ’

76 832 169 882 Nescio
181 848 254 899 quam
274 831 347 882 facies
363 835 437 896 igitur
449 864 458 894 ‚
470 832 647 898 pulcherrime,
665 833 783 882 matrem!

75 911 110 960 Ar
132 913 193 959 mihi
205 946 214 971 ,
225 926 277 977 quae
291 908 354 960 mali
365 912 419 960 sum
429 945 437 971 ,
449 927 509 976 quos
519 925 560 970 ιιι,
572 912 656 960 sortita
666 925 788 975 parentes,

75 989 123 1038 Nil
136 992 183 1038 nisi
200 989 273 1038 frater
284 992 328 1037 eris
341 1008 347 1036 ι
360 987 427 1054 quod
437 989 516 1048 obest,
530 987 703 1038 idhabebimus
713 1004 798 1036 unum.

76 1065 147 1127 Quid
158 1069 219 1115 mihi
239 1065 375 1131 significant
386 1083 443 1131 ergo
454 1083 508 1116 mea
517 1069 582 1118 visa?
593 1063 661 1132 quod
671 1081 751 1114 autem

75 1147 179 1194 Somnia
188 1143 282 1210 pondus
295 1147 399 1194 habenti
413 1162 443 1194 au
453 1147 541 1194 habent
553 1149 577 1194 bt
585 1147 679 1197 somnia
688 1141 781 1208 pondus
790 1147 844 1204 3495

6 1259 10 1267 .
73 1223 112 1272 Di
124 1222 226 1272 meiius!
242 1223 277 1272 Di
289 1240 375 1288 nempe
387 1225 438 1272 suas
449 1224 551 1272 habuere
562 1224 663 1274 sorores.

73 1303 117 1350 Sic
139 1304 251 1352 Saturnus
263 1302 351 1366 Opim,
365 1305 471 1367 juniianr
480 1303 525 1352 sibi
536 1304 668 1367 sanguine,
682 1299 765 1358 duxit,

75 1379 188 1430 Oceanus
209 1381 323 1442 Tethyn,
339 1379 458 1430 iunonem
473 1381 548 1428 reiior
559 1378 667 1443 Olympi.

75 1460 140 1506 Sunt
152 1459 246 1524 Superis
256 1459 297 1506 sua
306 1461 359 1524 Jura
372 1477 378 1506 ι
390 1457 450 1524 quid
461 1456 492 1507 ad
500 1457 604 1506 coeieiiia
615 1459 677 1506 ritus

74 1535 178 1600 Exigere
189 1538 324 1596 humanos,
336 1533 473 1602 diversaque
485 1533 578 1586 fudero
594 1537 680 1584 tentoi
804 1555 851 1602 500

74 1615 126 1664 Aut
135 1614 218 1666 nostro
236 1617 324 1665 vetitus
334 1612 363 1663 de
374 1613 446 1665 eorde
459 1615 582 1680 fugabitur
594 1611 664 1662 ardor
675 1629 684 1670 5

74 1696 126 1741 Aut
138 1728 146 1752 ,
163 1695 210 1742 hot
225 1695 244 1740 si
256 1709 363 1758 nequeo,
379 1709 474 1758 peream
482 1709 566 1757 precor
577 1696 650 1751 trite,
663 1705 768 1754 totoque

74 1770 178 1820 Mortua
190 1786 337 1838 componat,
349 1773 480 1836 positaeque
493 1769 534 1820 det
545 1768 627 1820 oscula
638 1768 720 1844 irater.

73 1848 108 1898 Er
122 1863 205 1898 tamen
218 1849 342 1896 arbitrium
354 1851 440 1914 querit
450 1865 487 1898 ter
495 1849 538 1896 ista
546 1846 661 1898 duorum.

72 1925 153 1990 Finge
172 1926 264 1990 placere
281 1928 360 1980 mihi,
375 1924 452 1974 scelus
468 1923 513 1975 eise
523 1923 643 1976 videbitur
653 1924 699 1973 iiii.
802 1944 846 1994 505

71 2003 108 2052 At
125 2020 176 2052 non
192 2001 295 2067 AEolidae
307 2003 425 2052 thalamos
436 2006 536 2052 timuere
548 2005 666 2052 sororum.

72 2079 149 2130 Unde
160 2079 201 2130 sed
212 2083 256 2130 hos
266 2085 338 2131 novi?
353 2098 395 2130 cur
405 2085 456 2131 haec
468 2081 576 2146 exempla
587 2084 668 2147 paravi
679 2084 688 2130 i

73 2159 134 2221 Qub
151 2159 229 2210 feror?
249 2162 357 2214 obscenae
369 2161 452 2226 procui
468 2163 525 2212 hinc
536 2157 650 2220 discedite
661 2159 780 2210 flamma:

74 2238 152 2298 Nec,
167 2241 213 2290 niti
224 2238 272 2304 qui
287 2240 322 2291 fas
337 2239 370 2290 est
379 2256 512 2304 germane,
524 2240 596 2291 frater
609 2253 711 2288 ametur.

74 2317 101 2367 Si
123 2332 205 2366 tamen
215 2319 264 2383 ipse
276 2319 324 2368 mei
341 2333 422 2382 captus
438 2321 502 2384 prior
513 2317 571 2368 eiiet
585 2335 687 2379 amore,
746 2329 749 2334 '
801 2338 849 2384 5¹0

73 2395 187 2446 Forsitan
198 2395 263 2446 illius
276 2393 368 2460 poiiem
382 2394 505 2462 indulgere
519 2396 603 2448 furori.

73 2473 142 2538 Ergo
154 2490 218 2538 ego,
239 2489 311 2538 quem
322 2473 413 2524 fueram
431 2491 481 2524 non
493 2477 604 2536 rejetiura
616 2488 753 2538 petentem,

74 2551 131 2616 ipsa
149 2555 247 2616 petam?
264 2556 383 2616 poterisne
400 2552 467 2618 loqui
479 2555 488 2602 Ξ
499 2555 617 2618 poterisne
628 2553 715 2604 fateri?

75 2629 160 2694 Coget
177 2647 246 2684 arnor
257 2648 262 2678 :
272 2646 366 2696 potero.
380 2631 423 2679 Vel
436 2665 443 2692 ‚
455 2634 474 2679 si
485 2629 562 2695 pudor
574 2648 616 2682 ora
627 2635 731 2688 tenebit,

74 2707 158 2760 Litera
168 2709 259 2758 celatos
269 2726 353 2758 arcana
364 2709 477 2762 fatebitur
488 2713 563 2774 ignes.
801 2737 844 2783 5¹5

110 2787 169 2836 Haec
184 2788 281 2852 piacet,
295 2789 344 2842 baec
357 2786 455 2836 dubiam
465 2791 540 2838 vincit
551 2789 667 2838 sententia
679 2803 796 2842 mentem.

74 2865 106 2916 ln
125 2864 187 2920 latus
200 2868 316 2930 erigitur,
336 2867 464 2930 cubitoque
474 2869 555 2914 innixa
564 2867 656 2916 sinistro
669 2901 677 2926 ‚

74 2941 176 3000 Viderit
189 2945 321 3006 ausuros,
333 2946 427 3015 iuquit,
444 2943 560 3000 fateamur
572 2959 674 3000 tutaret.
