2056 3706
185 213 613 280 MnrAuonPrrosrou
637 203 674 274 t.
700 207 730 274 ,1.
774 229 816 291 17

98 329 223 381 Nondum
238 333 315 381 laurus
329 346 389 387 erat3
402 331 526 395 longoque
538 327 646 377 decentia
658 329 721 376 crine
818 333 847 380 45
852 331 868 365 0

100 410 226 475 Tempora
238 411 345 473 cingebat
356 407 385 458 de
397 409 507 476 qualibet
518 409 602 456 arbore
611 405 721 454 Phttbus.

135 567 226 617 Primus
243 587 311 619 arnor
320 569 404 620 Phcebi
416 568 521 634 Daphne
533 567 637 616 Peneia:
652 581 722 630 quem
737 582 785 615 non

101 643 158 694 Fors
168 649 249 711 ignara
262 646 345 705 dedit,
360 646 399 696 sed
412 650 473 697 saeva
485 644 614 710 Cupidinis
627 649 669 694 irs.

98 721 183 772 Delius
198 728 261 774 huuc
273 743 364 792 nuper,
383 725 447 776 visis
459 727 566 790 serpente
579 723 704 788 superbus,

97 799 200 852 Viderat
210 802 312 853 adduslo
324 803 459 853 flectentem
472 818 562 852 cornua
575 817 647 851 nervo
662 819 668 847 ι
818 819 864 867 455

97 879 212 948 Quidque
232 883 295 941 tibi,
313 882 399 932 lascive
412 898 491 947 puer,
507 897 563 928 cum
576 879 677 928 fortibus
688 879 779 928 armis?

95 957 216 1008 Dixerat:
231 961 274 1010 ista
281 959 365 1010 decent
379 963 493 1009 humeros
504 947 632 1023 gestamina
644 957 753 1016 nostros,

97 1035 148 1096 Qui
168 1036 225 1088 dare
243 1055 308 1088 certa
319 1040 391 1098 serre,
402 1036 466 1088 dare*
474 1037 573 1086 vulnera
585 1031 705 1100 possumus
715 1033 786 1083 hosii.
824 1029 828 1040 ⁸

99 1114 152 1174 Qui
171 1113 265 1172 modo,
277 1117 387 1178 pestifero
399 1129 438 1163 tot
450 1120 531 1178 iugera
539 1130 621 1162 ventre
633 1127 795 1176 prementem,

101 1193 237 1240 stravimus
248 1193 378 1240 innumeris
390 1189 511 1240 tumidum
520 1192 631 1252 Pythona
641 1191 738 1254 sagittis.
822 1201 870 1252 460

104 1269 145 1317 Tu
164 1268 217 1318 face
230 1271 309 1317 nescio
317 1285 377 1334 quos
388 1268 437 1318 esto
447 1282 572 1318 contentus
584 1283 674 1316 amores

100 1345 198 1396 Irritare
216 1347 275 1406 tui,
291 1363 335 1395 nec
350 1344 432 1396 laudes
443 1342 515 1395 assere
525 1346 622 1396 nostras.

98 1423 174 1472 Filius
185 1425 240 1472 huic
259 1424 355 1473 Veneris
366 1442 374 1483 3
387 1425 455 1489 Figat
467 1439 519 1474 tuus
529 1427 627 1484 omnia,
645 1424 751 1483 Phoebe;

97 1502 134 1552 Te
147 1520 214 1552 meus
232 1520 317 1564 arcus,
331 1507 383 1553 ait:
397 1519 535 1570 quantoque
546 1502 659 1553 animalia
673 1501 763 1552 cedunt

94 1581 189 1633 Guntia
206 1583 264 1642 tibi,
277 1597 345 1632 tauto
362 1584 442 1631 minor
453 1583 485 1631 est
495 1597 535 1630 tua
547 1581 624 1647 gloria
637 1580 724 1632 nostrs-
815 1597 863 1650 465

93 1659 180 1708 Dixit:
192 1664 216 1709 &
227 1700 234 1722 ‚
247 1661 305 1713 eliso
318 1664 431 1725 percussis
443 1665 494 1709 a'e're
506 1663 605 1726 pennis,

93 1737 202 1802 Impiger
218 1740 328 1788 umbrosi
343 1735 448 1788 tamam
456 1739 563 1788 constitit
573 1755 626 1788 arce
638 1758 645 1788 t

93 1813 164 1880 Eque
177 1815 415 1880 sagittiferipromsit
426 1816 474 1866 duo
486 1817 533 1866 tela
545 1817 655 1882 pharetri

92 1891 254 1942 Diversorum
269 1909 383 1958 operum:
393 1892 460 1957 sugat
472 1897 518 1942 hoe
530 1929 538 1953 ‚
551 1895 609 1944 sacit
623 1894 684 1950 iilud
696 1913 813 1962 amorem.

93 1969 169 2032 Quod
188 1971 262 2030 facit,
278 1987 390 2020 auratum
403 1972 451 2030 est,
469 1975 494 2020 δε
513 1970 609 2036 cuspide
624 1971 700 2038 fulget
710 1975 797 2022 acutis
816 1987 864 2032 470

93 2050 167 2112 Quod
176 2050 428 2116 fugat‚obtusumest;
442 2052 546 2099 &habet
554 2051 596 2099 sub
604 2049 720 2100 arundine
724 2050 857 2117 plumbum.

93 2127 146 2178 Hoc
162 2129 227 2178 Deus
242 2131 268 2176 in
282 2128 397 2192 Nympha
411 2127 514 2176 pecude
530 2128 597 2186 lixit3
616 2128 694 2179 atillo

92 2205 164 2258 Laesit
177 2206 315 2271 Apollineas
326 2207 420 2268 traiec'ta
431 2223 472 2270 per
481 2205 531 2254 ossa
541 2206 667 2258 medullas.

93 2283 205 2334 Protinus
221 2283 281 2332 alter
292 2298 368 2332 amat:
379 2284 440 2348 fugit
449 2286 522 2335 altera
533 2303 623 2335 nomen
634 2290 735 2337 amantis

93 2361 211 2414 Silvarum
230 2361 342 2416 latebris,
357 2365 549 2428 captivarumque
566 2365 670 2414 serarum
810 2365 856 2416 475

94 2435 189 2488 Exuviis
204 2437 328 2504 gaudens,
344 2442 495 2506 innuptaque
509 2443 596 2492 aemula
612 2443 721 2495 Phcebes.

94 2515 160 2568 Vitta
170 2517 295 2566 coercebat
305 2521 396 2582 positos
408 2522 457 2568 siue
469 2519 519 2584 lege
530 2520 639 2585 capillos.

94 2592 167 2644 Multi
176 2594 245 2643 illam
257 2598 344 2659 petiere
353 2595 407 2646 :illa
418 2599 521 2647 aversata
532 2615 639 2663 petentes
651 2635 659 2659 ‚

95 2669 219 2736 Impatiens
229 2689 357 2740 expersque
370 2676 432 2734 riri,
450 2693 576 2726 nemurunr
592 2681 646 2729 avia
659 2678 760 2728 lustrat:

96 2745 861 2820 NecquidHymenquidAmor,quidsintconnnuiacurataio

99 2825 156 2894 Sape
168 2843 234 2892 pater
248 2825 325 2887 dixit3
337 2830 456 2880 Generum
467 2835 528 2880 mihi
541 2867 549 2891 ,
567 2831 633 2890 filia,
646 2830 726 2882 debes.

99 2902 158 2970 Sepe
175 2921 240 2970 pater
252 2903 328 2970 dium
347 2908 426 2960 Debes
441 2911 519 2974 milri,
533 2923 607 2976 nata,
625 2923 740 2976 nepotes.-
