2078 3708
60 272 113 340 Μ
117 295 142 344 ε
151 271 514 348 annonrnosaor‘t
531 276 568 344 I.
593 276 698 346 VIII.
718 287 783 366 ¹69

59 394 193 450 Laudabat
203 397 272 463 virgo
283 401 388 463 junctam
403 415 459 448 cum
467 399 557 450 viribus
564 412 649 450 artent.

60 475 187 541 imposito
200 477 296 542 patulos
313 476 406 528 calamo
416 481 551 526 sinuaverat
562 493 630 528 arcus
641 479 650 524 ἓ
810 493 838 538 30

60 555 106 603 Sic
123 555 243 604 Phcbem
255 557 339 604 sumtis
354 555 448 619 jurabat
462 556 520 604 stare
531 557 634 622 sagittis.

61 629 137 683 Ctlm
149 630 208 682 verb
215 631 304 682 faciem
312 629 395 682 demto
405 631 537 684 nudaverat
548 650 592 683 aere
601 667 611 693 ,

59 707 250 775 Purpureusque
260 709 309 760 albi
318 712 393 760 stratis
405 713 507 774 insignit
516 713 584 776 pislis

61 787 150 850 Terga
164 789 288 852 premebat
306 791 379 853 equi,
390 789 572 855 spumantiaque
583 805 625 838 ora
636 789 746 854 regebatt

62 865 116 914 Vix
126 867 186 925 sua,
205 869 243 916 vix
254 867 314 914 sana
324 869 394 930 virgo
407 865 488 914 Niseia
500 881 609 931 compos.
791 884 793 889 ’
810 881 836 926 35

61 942 162 992 Mentis
177 959 236 992 erat.
248 942 313 995 Felix
324 941 448 1007 jaculum,
461 942 528 1010 quod
540 959 647 1010 tangeret
658 941 718 1004 ille,

63 1021 179 1086 Quaque
193 1037 266 1072 manu
280 1036 410 1084 premerer,
429 1021 585 1072 feliciafrcua
596 1024 706 1072 vocabat.

61 1099 177 1164 Impetus
187 1100 219 1148 eil
230 1099 267 1148 illi
278 1133 286 1157 ‚
300 1098 371 1149 liceat
380 1097 457 1148 modd
471 1134 479 1158 ,
493 1099 554 1150 serre
570 1116 611 1164 per
623 1113 710 1165 agmen

63 1179 198 1243 Virgineus
208 1177 293 1228 hostile
303 1174 391 1241 gradus
401 1195 408 1224 ε
421 1176 454 1226 est
463 1179 565 1241 impetus
576 1176 612 1226 illi
622 1211 631 1235 ,

62 1255 188 1306 Turribus
197 1272 210 1304 e
219 1256 319 1304 summis
329 1258 355 1304 in
367 1255 469 1304 Gnossia
480 1258 576 1304 mittere
587 1271 673 1319 corpus
809 1274 841 1320 4ο

62 1332 176 1391 Castra,
196 1332 234 1386 vel
251 1346 334 1382 aeratas
352 1331 413 1382 hosii
428 1329 550 1382 recludere
564 1347 662 1397 portas3

62 1409 116 1459 Vel
127 1413 148 1458 si
158 1408 217 1475 quid
224 1410 306 1460 Minos
319 1407 386 1459 aliud
396 1409 464 1458 velit.
477 1409 558 1476 thue
566 1407 663 1466 sedebat

64 1486 186 1540 Candida
193 1488 278 1538 Disiaei
287 1490 390 1552 spelians
402 1490 506 1538 tentoria
518 1492 595 1554 regist

65 1567 149 1618 Later
160 1601 169 1624 ‚
183 1569 217 1616 ait
228 1599 236 1626 ‚
248 1563 376 1616 doleamne
390 1570 440 1632 geri
450 1565 605 1630 lacrymabile
615 1563 724 1628 bellum,

66 1645 99 1694 In
115 1643 191 1695 dubio
207 1645 240 1694 est
250 1664 256 1692 t
266 1643 339 1694 doleo
348 1642 415 1710 quod
423 1643 504 1694 Minos
514 1637 587 1694 hellis
598 1650 688 1698 amanti
699 1647 739 1695 est.
806 1682 836 1728 45

66 1723 119 1774 Sed
132 1727 178 1772 uisi
193 1723 256 1778 bella
270 1722 368 1784 serent,
379 1721 499 1790 numquid
509 1726 569 1774 mihi
578 1729 689 1789 cognitus
700 1721 772 1775 esset?

67 1802 114 1851 Me
127 1816 208 1852 tamen
218 1800 332 1865 accepti,
344 1816 439 1866 poterat
454 1797 573 1866 deponere
588 1801 698 1864 bellum,

67 1877 179 1928 Obside:
189 1896 226 1928 rne
237 1883 351 1928 comitem
364 1913 372 1938 ,
383 1896 422 1928 me
431 1882 494 1943 pacis
503 1883 586 1943 pignus
597 1881 692 1929 habere.
804 1870 805 1874 ¹

66 1959 110 2015 Si,
132 1971 219 2022 quate
234 1960 339 2021 peperit,
353 1957 407 2008 talis
416 1989 425 2015 ,
434 1956 593 2020 pulcherrime
604 1973 698 2018 rerum,

68 2033 157 2094 Qualis
174 2035 279 2099 etipse,
293 2034 340 2084 suit
353 2051 360 2093 ς
376 2033 464 2085 meritb
475 2032 540 2082 Deus
551 2036 607 2082 arsit
623 2037 649 2084 in
660 2035 712 2086 ilia.
811 2065 841 2111 ,ο

67 2113 108 2162 oi
128 2129 176 2177 ego
186 2128 221 2162 ter
233 2111 290 2162 felix
302 2145 310 2170 ,
324 2115 360 2171 si,
378 2116 461 2176 pennis
472 2109 537 2176 lapsa
547 2128 588 2176 per
605 2127 692 2172 auras,

67 2191 198 2240 Gnossiaci
212 2193 302 2256 possim
313 2190 391 2238 castris
402 2189 508 2237 insistere
523 2187 601 2254 regis!

68 2265 187 2333 Fassaque
198 2285 236 2318 nte
246 2266 401 2332 flammasque
413 2283 477 2316 meas
488 2301 496 2326 ,
512 2267 560 2332 qui
570 2265 648 2322 dote,
661 2285 787 2334 rogarem,

69 2344 157 2394 Vellet
174 2346 236 2396 cmii
249 2343 343 2396 tanttim
353 2348 439 2409 patrias
449 2361 479 2394 ne
489 2347 596 2409 posceret
606 2361 680 2394 arces.

69 2424 140 2476 Nam
155 2438 251 2488 pereant
261 2421 340 2488 potitis
355 2425 445 2486 sperata
455 2423 544 2471 cubilia
557 2456 565 2480 ,
576 2423 650 2488 quim
661 2427 706 2474 sim
735 2473 741 2482 ,

70 2500 216 2551 Proditione
227 2501 325 2566 potensi
337 2503 445 2566 quamvis
463 2502 522 2565 saepe
533 2500 591 2550 utile
601 2503 666 2552 vinci

70 2580 178 2628 Visloris
198 2577 287 2643 placidi
302 2576 360 2626 fecit
369 2577 498 2626 clementia
508 2577 598 2628 multis.

39 2716 45 2726 ¹
70 2658 137 2706 Justa
157 2660 218 2721 gerit
229 2655 291 2706 certi
304 2672 347 2719 pro
357 2671 415 2705 nato
430 2655 493 2704 bella
502 2670 626 2720 peremto,

71 2736 101 2786 ln
121 2737 238 2800 causaque
254 2734 318 2782 valet
329 2753 336 2784 t
347 2735 488 2798 causamque
504 2735 623 2798 tuentibus
639 2739 727 2796 armis,

72 2814 110 2864 Ut
122 2828 199 2878 puto,
211 2816 343 2862 vincemur.
363 2810 411 2870 Qui
426 2813 445 2858 si
456 2825 538 2860 inanct
553 2814 628 2860 exitus
640 2813 722 2864 urbem
733 2834 741 2875 5
809 2845 839 2881 60

72 2892 128 2944 Cur
139 2894 193 2942 suus
203 2894 253 2942 hae
269 2889 308 2938 illi
318 2889 428 2938 reserabit
441 2891 532 2936 moenia
541 2888 655 2944 Mavors,

71 2971 105 3021 Et
120 2986 172 3020 non
181 2968 260 3018 noster
269 2984 339 3020 autur
349 2970 358 3017 i
368 2964 454 3016 melitis
469 2968 519 3014 sinc
533 2963 615 3030 cade,
635 2967 768 3038 morique,

105 3051 131 3099 Τ
129 3065 176 3098 om.
196 3050 212 3096 I
221 3049 244 3095 I.
672 3045 696 3096 Η
