2078 3708
226 335 295 406 ¹54
367 309 411 379 P.
440 311 598 378 Ournrr
621 309 823 377 Naroma

255 432 302 486 Sed
310 432 363 502 pull
372 431 447 500 quim
457 431 558 483 Colchis
568 433 625 481 arsit
635 445 698 480 nova
709 444 784 494 nupta
793 428 919 485 venenis,

177 515 422 581 ritflagranremque
432 509 533 562 domum
544 515 605 576 regis
615 526 680 558 mare
690 505 754 558 vidit
763 521 898 572 utrumque
908 521 922 562 'n

223 595 341 660 Sanguine
354 607 466 642 natorum
480 587 630 656 perfunditur
641 589 729 652 impius
740 587 802 634 ensis
814 603 821 633 ε

223 671 329 738 Ultaque
340 672 362 719 se
372 667 437 719 male
449 683 525 718 mater
537 703 547 728 ,
561 668 650 716 Iasonis
660 664 745 730 effugit
755 679 834 714 arma.

223 750 287 800 Hinc
298 749 428 798 Titaniacis
439 748 518 796 ablata
528 744 670 796 draconibus
680 779 690 805 ‚
700 747 776 794 intrat

224 825 342 878 Palladias
353 844 417 876 arces
428 846 436 874 ι
446 843 499 892 qua
509 840 551 886 te,
561 824 687 891 justissime
697 823 808 881 Phineu,

175 905 326 970 reeteque,
341 907 410 954 senex
422 892 539 969 Peripha,
552 905 639 968 pariter
650 900 729 952 vidsre
738 901 849 950 volantes
858 932 874 959 ‚

225 982 382 1049 Innixamque
394 985 462 1032 novis
473 996 570 1046 neptem
581 980 750 1046 Polypemonis
762 978 816 1030 alis.

258 1128 355 1194 Excipit
363 1131 424 1178 hanc
440 1129 540 1194 l”geus,
553 1127 615 1178 sasso
625 1119 774 1176 damnandus
785 1127 811 1173 in
821 1141 873 1174 uno
888 1143 897 1172 a

226 1207 278 1258 Nec
287 1209 342 1256 saris
350 1209 481 1272 hospitium
490 1207 537 1264 est,
546 1205 646 1254 thalami
654 1220 749 1270 quoque
758 1199 959 1268 soedetejungit.

181 1271 184 1280 ¹
225 1286 326 1352 Jamque
337 1284 418 1336 aderat
429 1286 551 1344 Theseus,
564 1283 642 1350 proles
653 1287 733 1348 ignara
744 1284 853 1347 patenti,

178 1361 276 1430 405Qui
286 1366 374 1412 virtute
390 1363 431 1412 sua
444 1365 559 1439 himarem
570 1375 695 1428 pacaverat
705 1359 821 1409 Isthmon.

226 1440 304 1505 Hujus
314 1443 339 1490 in
350 1444 448 1492 exitium
459 1443 544 1494 miscet
554 1437 660 1498 Medda,
672 1437 740 1506 quod
748 1437 810 1487 olim

226 1517 346 1568 Attulerat
357 1520 438 1567 secum
450 1519 565 1581 Scythicis
579 1521 692 1568 aconiton
705 1517 734 1565 ab
746 1519 802 1566 oris.

226 1594 291 1645 lllud
303 1595 429 1646 Echidneae
440 1611 577 1646 memorant
591 1613 604 1644 e
617 1594 726 1645 dentibus
738 1593 829 1644 ortum'

227 1670 280 1723 Effe
293 1677 365 1723 canis.
382 1677 468 1740 Specus
483 1675 515 1724 est
526 1675 651 1724 tenebroso
662 1691 736 1724 caecus
747 1676 811 1724 hiatu
823 1691 834 1734 3

177 1751 267 1806 410Est
277 1755 317 1804 via
328 1750 445 1812 declivis,
460 1771 501 1819 per
512 1771 585 1820 quam
595 1753 736 1815 Tirynthius
746 1753 814 1802 heros

226 1829 363 1880 Restantem
376 1865 384 1892 ‚
403 1848 534 1898 contraque
545 1829 610 1881 diem
621 1829 746 1898 radiosque
757 1833 879 1880 micantes

227 1908 401 1976 Obliquantem
411 1911 514 1972 oculos,
525 1914 589 1960 nexis
600 1908 726 1960 adamante
737 1912 846 1972 catenis,

227 1985 353 2039 Cerberon
364 1989 474 2040 abstraxit
485 2009 492 2040 e
504 1986 587 2038 rabida
597 1992 638 2056 qui
650 1991 758 2041 concitur
768 1986 804 2038 ird

227 2066 341 2131 Implevit
353 2070 439 2132 pariter
451 2069 522 2117 ternis
533 2067 658 2116 latratibus
671 2083 737 2116 auras
749 2083 757 2125 3

179 2144 259 2212 415Et
271 2146 354 2210 sparsit
366 2143 454 2196 virides
467 2147 556 2210 spumis
569 2144 704 2194 albentibus
715 2160 794 2210 agros.

138 2277 139 2280 Ἴ
227 2222 277 2272 lias
287 2221 408 2274 concresse
418 2238 504 2288 putant
512 2241 522 2280 ς
531 2226 657 2290 metasque
666 2224 781 2275 alimenta
791 2221 883 2288 feracia

227 2297 379 2368 fecundique
392 2301 454 2360 soli,
469 2304 531 2352 vires
542 2299 629 2367 cepisse
643 2300 756 2352 nocendi.

228 2379 303 2440 Quae.
318 2381 374 2447 qula
384 2382 512 2436 nascuntur
526 2378 588 2430 drus
597 2383 689 2432 vivacia
699 2395 787 2440 caute,

228 2458 334 2523 Agrelles
347 2463 442 2510 aconita
454 2475 552 2512 vocant.
565 2459 599 2509 Ea
610 2463 718 2526 coniugis
731 2460 781 2509 aliu

179 2534 280 2599 4aolpse
290 2551 373 2600 patena
386 2539 405 2585 ri
415 2547 472 2604 geni
483 2553 541 2588 nato
554 2541 676 2604 porrexit,
688 2553 717 2588 ut
726 2537 799 2588 hosti.

228 2613 350 2663 Sumserat
361 2615 446 2679 ignari
455 2617 560 2666 Theseus
570 2614 627 2668 data
635 2615 723 2682 pocula
735 2614 819 2668 dextra
828 2653 842 2680 ,

228 2687 293 2740 cum
308 2705 374 2756 pater
387 2694 414 2742 in
425 2693 514 2758 capulo
523 2691 598 2759 gladii
607 2697 723 2760 cognovit
733 2695 825 2746 eburno

227 2769 299 2832 Signa
310 2771 345 2818 sui
355 2773 447 2836 generis
457 2806 466 2832 ,
481 2771 620 2838 facinusque
631 2775 731 2822 excussit
741 2773 823 2823 abore
835 2792 844 2823 a

228 2843 319 2913 Effugit
329 2848 372 2899 illa
380 2863 483 2913 moeni,
494 2849 587 2900 nebulis
597 2865 640 2914 per
648 2853 755 2900 curnina
764 2855 850 2902 moria.
950 2855 959 2870 ¹

180 3007 225 3057 4²5
260 2992 291 3044 rit
301 2995 413 3066 genitor,
426 3013 574 3065 quamquam
583 2997 678 3050 letatur
689 3000 774 3065 sospite
784 3014 844 3052 nato
857 3017 870 3058 ς
