2078 3708
98 243 538 326 McrA'rronruosuou
570 259 607 328 L.
636 264 703 332 IV.
740 289 779 353 93

37 369 72 418 ln
87 375 231 440 pectusque
240 373 305 426 cadit
316 391 403 442 pronus
416 397 423 426 ι
434 377 608 448 commill'aque
617 383 643 431 iu
653 399 729 434 unum

39 451 187 500 Paulatim
199 457 266 502 tereti
278 457 401 504 sinuantur
413 460 523 507 acumine
535 475 613 509 crura.

38 527 161 580 Brachia
174 534 225 595 jam
237 531 323 580 restant
333 551 339 580 t
350 549 403 599 quae
413 535 517 595 restant,
536 537 632 586 brachia
644 536 740 598 tendit3
789 549 835 611 580

41 605 79 654 Er
94 606 221 669 lacrymis
232 625 273 673 per
283 607 361 659 adbuc
373 613 478 661 humana
488 613 616 664 fluentibus
626 633 669 666 ora
680 650 688 676 ‚

40 683 155 733 Accede
169 721 178 746 ,
196 685 232 736 dl
247 691 352 752 conjux,
366 689 470 749 accede,
486 694 638 753 miserrima,
656 691 735 744 dixitt

41 760 183 828 Dumque
191 763 284 830 aliquid
291 767 392 831 superest
400 766 430 818 de
437 785 475 817 me
483 786 491 828 ;
500 787 538 818 me
546 785 616 836 tange
626 789 631 818 t
641 787 787 839 manumque

43 840 785 914 Accipe,dummanusest3dumuontotumoccupatanguis.

45 919 100 967 lile
114 917 222 986 quidem
234 921 287 970 vult
297 923 366 987 plura
376 925 443 991 loqui
456 943 462 973 s
475 925 515 975 sed
529 927 608 992 lingua
619 927 715 993 repenti
760 975 762 981 ,
791 933 832 994 )8ς

45 997 80 1046 ln
92 1013 182 1063 partes
193 997 226 1046 est
237 997 287 1048 fitia
297 998 364 1049 duas.
381 1001 431 1051 Nec
444 1005 516 1053 uerba
530 1005 622 1054 volenti

47 1073 193 1124 Sufficiunt
205 1095 211 1125 t
225 1081 365 1143 quotiesque
377 1080 469 1145 aliquos
483 1099 550 1146 parat
561 1081 629 1131 edere
646 1083 758 1148 questus,

49 1155 148 1204 Sibilat
161 1173 168 1202 t
182 1156 245 1204 hauc
254 1155 291 1204 illi
301 1171 387 1205 vocem
398 1158 489 1207 Natura
499 1159 622 1225 relinquit.

47 1231 135 1282 Nuda
145 1249 223 1282 mauu
235 1232 339 1292 feriens,
355 1234 491 1293 exclamat,
507 1239 601 1301 pectora
613 1241 700 1298 conjux
711 1273 720 1298 ,

48 1310 178 1366 Cadme,
191 1327 264 1362 mane
275 1329 281 1358 t
294 1325 365 1377 teque
374 1314 410 1360 his
420 1346 429 1372 ,
441 1313 542 1368 infelix,
556 1329 615 1364 exue
628 1317 746 1366 monstris.
787 1306 836 1380 550

50 1388 171 1440 Cadme!
179 1387 301 1455 quidhoc?
309 1392 349 1438 ubi
356 1392 787 1460 pesiubisunrirumetiq3manusque?

49 1468 87 1517 Et
98 1466 193 1526 color,
204 1470 230 1515 δι
241 1466 312 1516 facies
322 1470 330 1516 ἓ
342 1470 383 1525 bt,
394 1465 453 1518 dunt
461 1468 565 1534 loquor,
577 1475 676 1521 omnia?
687 1489 786 1522 curnon

49 1547 101 1595 Me
114 1561 235 1611 quoque,
252 1544 366 1595 Coelestts
378 1581 386 1605 ,
397 1549 423 1596 in
435 1546 545 1598 eumdem
558 1551 650 1602 vertitis
661 1565 763 1614 anguem
777 1555 785 1599 ἓ

51 1625 167 1674 Dixerat
178 1643 184 1672 r
195 1624 239 1672 ille
249 1625 294 1672 sua
306 1623 426 1674 lambebat
436 1629 544 1690 conjugis
554 1643 596 1676 ora
606 1643 614 1684 3

52 1703 139 1770 Inque
153 1705 219 1751 sinus
233 1719 319 1760 curos,
338 1701 413 1752 veluti
425 1709 598 1768 cognosceret,
616 1706 666 1756 ibat
678 1724 686 1764 ς
789 1717 832 1761 595

52 1783 88 1831 Et
104 1781 184 1830 dabat
196 1779 316 1846 amplexus
327 1798 334 1839 ¹,
353 1779 487 1846 alluctaque
499 1782 563 1832 colla
575 1785 680 1848 petebat.

53 1861 182 1926 Quisquis
194 1857 273 1915 adest,
289 1857 386 1909 aderant
396 1862 497 1909 comites
510 1893 518 1918 ,
535 1875 651 1909 terretur:
664 1859 754 1914 atilios

54 1940 171 1988 lubrica
182 1936 330 2002 permulcent
341 1936 428 1987 cristati
438 1936 503 1986 colla
513 1935 627 1986 dracones
637 1971 645 1996 ‚

54 2017 90 2066 Et
104 2015 190 2064 subitb
201 2014 250 2064 duo
262 2015 315 2064 sunt
326 2032 333 2062 r
344 2017 473 2080 jrrnlloque
484 2013 608 2064 volumine
618 2015 730 2078 serpunt,

55 2095 152 2144 Donec
163 2096 189 2142 iu
200 2095 302 2158 appositi
313 2096 417 2142 nemoris
428 2093 517 2142 subiere
528 2091 639 2143 latebras.
788 2090 836 2130 ⁶00

55 2155 785 2238 Nuncquoqtoecfugiuntbominem,necvulnerelaedtrn13

56 2249 182 2317 Quidque
192 2253 256 2315 prius
268 2247 375 2308 fuerint,
387 2246 475 2314 placidi
484 2253 615 2300 meminere
625 2247 749 2300 dracones.

95 2395 147 2448 Sed
160 2411 241 2446 tamen
251 2397 367 2446 ambobus
376 2399 447 2448 versa
462 2397 545 2447 solatia
558 2397 641 2448 forma

58 2474 159 2540 Magna
169 2491 244 2540 nepos
256 2475 332 2524 fuerat
344 2494 350 2524 r
360 2493 433 2541 quem
444 2475 562 2524 debellata
573 2476 668 2526 colebat

59 2550 154 2608 India,
171 2569 244 2618 quern
255 2555 338 2618 positis
350 2553 485 2603 celebrabar
497 2555 586 2602 Achaia
600 2554 704 2619 templis.
788 2541 832 2597 ⁶⁰5

59 2631 136 2680 Solus
148 2629 313 2686 Abantiades,
332 2631 361 2682 ab
370 2633 462 2695 origine
473 2646 549 2680 cretus
560 2630 662 2686 eldam,

60 2711 172 2760 Acrisius
184 2708 302 2774 superest,
317 2710 359 2774 qui
370 2709 489 2758 manibus
500 2723 578 2758 arceat
589 2711 652 2758 urbis

61 2786 205 2850 Argolica,
221 2801 351 2851 contraque
361 2785 441 2838 Deum
453 2785 513 2838 ferat
524 2803 607 2846 armat
619 2803 739 2856 petrusque

63 2863 125 2914 Nou
136 2878 207 2928 putet
219 2861 265 2912 elle
275 2865 357 2912 Jovis:
370 2880 447 2929 neque
458 2867 523 2912 eninr
534 2865 598 2914 Jovis
609 2862 655 2916 effe
666 2870 765 2930 putabat

64 2941 167 2998 Persea,
179 2957 253 3006 quem
263 2940 345 3008 pluvio
357 2941 440 2992 Daua'e'
450 2957 592 3008 conceperat
600 2959 667 2996 curo·
762 2997 765 3004 Δ
