2036 3714
228 29 247 162 l

253 281 324 354 2340
400 255 444 326 P.
473 257 630 326 Ovinrr
650 255 849 326 NAsontis

248 381 336 430 Annua
346 379 469 446 plangoris
479 394 574 446 peraget
586 378 740 428 simulamina
751 380 836 428 nostri.

248 460 283 509 At
300 475 370 508 cruor
384 463 412 508 in
422 457 507 507 florem
516 459 659 506 mutabitur.
675 459 712 520 An
723 459 768 506 tibi
778 455 900 522 quondam

250 535 375 586 femineus
385 551 449 586 artus
461 540 486 584 in
498 523 692 595 olentesvtrtere
703 537 834 595 mentham,

197 629 228 680 7³
235 616 414 680 0Persephone‚
427 613 513 665 licuit-i
525 612 735 675 nobiscinyreius
745 615 819 661 heros

250 693 348 742 lnvidiae
359 707 462 740 mutatus
474 695 538 743 erit?
554 693 593 740 Sic
605 691 673 751 fata,
690 695 823 740 cruorem·

248 769 347 820 Nellare
358 769 461 820 odorato
472 771 572 835 spargit:
583 773 625 835 qui
633 771 706 818 tallus
718 771 747 817 ab
758 768 806 818 illo

246 847 381 907 lntumui13
394 851 442 908 sic,
457 865 483 897 ut
494 848 576 912 pluvio
589 845 711 912 perlucida
719 847 786 896 coelo

246 927 344 990 Surgere
360 924 426 976 bulla
440 925 510 976 solet.
526 917 765 990 Necplenllongior
775 925 840 974 hori

197 1003 315 1070 735l²asla
332 1021 400 1054 mora
416 1005 468 1062 esl',
487 1003 543 1052 crim
553 1001 598 1052 llos
611 1005 747 1068 esanguine
756 1003 879 1052 concolor
886 1017 952 1051 ortust

247 1080 349 1142 Qualem
362 1118 369 1142 ‚
382 1099 434 1148 quae
452 1082 517 1131 lento
528 1081 608 1130 celant
618 1083 659 1130 sub
674 1085 765 1130 cortice
781 1095 900 1146 granum,

246 1159 335 1210 Punica
346 1161 405 1210 ferre
417 1161 494 1209 solent
507 1179 512 1208 ε
523 1161 599 1209 brevis
611 1160 643 1208 est
655 1174 736 1209 tamen
748 1161 805 1208 usus
821 1163 849 1208 in
860 1160 910 1208 illo.

244 1235 426 1304 Namquemale
437 1242 580 1294 haerentem,
599 1242 622 1287 ὃ(
634 1238 709 1286 nimii
720 1238 820 1286 levitate
832 1236 951 1296 caducum,

243 1313 374 1366 Excutiunt
388 1315 454 1366 idem
461 1352 470 1379 ,
487 1320 529 1384 qui¹
538 1318 647 1384 praestant
657 1319 776 1377 nomina,
789 1320 869 1366 venri.

246 1457 950 1536 mmmmm

400 1613 641 1684 zinnn
695 1593 782 1682 nn

245 1717 413 1838 Conscius
425 1787 482 1840 duan
495 1789 537 1841 tali
548 1791 618 1842 silvas
628 1825 635 1850 ,
644 1793 787 1856 animosque
799 1789 904 1861 serarum

239 1863 365 1916 Threicius
382 1883 466 1923 vates,
485 1873 509 1918 δι
526 1871 579 1920 saxa
591 1870 711 1935 sequentia
721 1867 790 1918 ducit
801 1885 809 1926 ;

237 1941 301 1994 Ecce
321 1963 393 1994 nurus
409 1947 545 2006 Ciconum,
564 1949 628 1996 teslae
640 1947 764 2012 lymphata
775 1945 861 1995 ferinis

238 2019 335 2071 Pestorr
348 2023 492 2079 velleribus,
512 2025 598 2074 tumuli
613 2023 642 2074 de
652 2029 741 2074 vertice
756 2037 861 2072 cernunt

207 2135 218 2181 5
237 2098 350 2164 Orphea,
372 2105 485 2166 percussis
496 2104 625 2151 sociantem
637 2106 742 2151 carmina
755 2104 847 2150 nervis.

236 2175 256 2224 E
273 2178 358 2242 quibus
372 2194 433 2238 una,
449 2179 526 2228 levem
538 2183 624 2245 jallato
634 2184 698 2229 crine
709 2195 751 2246 per
762 2197 868 2240 auram,

234 2253 271 2303 En
285 2289 293 2314 ,
309 2259 358 2315 ait,
373 2269 403 2305 en
413 2259 452 2306 hic
466 2259 499 2306 ell·
508 2259 581 2307 nostri
592 2273 728 2308 contemtor
741 2277 747 2308 s
760 2263 786 2308 &
797 2255 890 2308 hallam

234 2331 302 2384 Vatis
319 2335 440 2398 Apollinei
450 2336 543 2386 vocalia
556 2341 621 2386 misit
630 2339 655 2384 in
667 2351 718 2386 ora.

234 2407 293 2468 Quae
310 2411 375 2460 foliis
390 2415 489 2478 praesuta
503 2429 586 2462 notam
600 2418 648 2462 sine
658 2415 758 2463 vulnere
771 2413 840 2465 fecit.

187 2523 216 2554 ,ο
234 2485 335 2540 Alterius
351 2488 425 2538 telum
436 2490 495 2556 lapis
506 2492 552 2540 ests
568 2496 608 2557 qui
620 2487 699 2540 millus
713 2527 720 2551 ,
735 2496 761 2541 in
777 2496 832 2558 ipso

234 2565 291 2614 A'e're
310 2582 427 2616 concentu
444 2572 517 2618 vlslus
533 2574 645 2636 vocisque
657 2571 762 2637 lyraeque
775 2573 824 2629 τῆς

231 2643 266 2692 Ac
280 2645 355 2694 veluti
365 2646 461 2712 supplex
477 2664 520 2712 pro
532 2662 580 2697 tam
593 2649 715 2698 furialibus
726 2653 804 2709 ausis,

230 2723 292 2772 Ante
302 2722 372 2788 pedes
386 2728 469 2790 jacuit.
487 2724 532 2774 Sed
547 2729 611 2776 enim
626 2731 749 2776 temeraria
760 2729 873 2777 crescunt

224 2799 297 2848 'Bella
308 2819 314 2849 e
325 2801 458 2870 modusque
469 2803 527 2854 abiit
539 2839 547 2864 ,
564 2807 690 2871 insanaque
700 2822 786 2870 regnat
797 2807 912 2870 Erynnis.

185 2904 210 2953 ¹5
230 2874 368 2944 Cunilaque
381 2880 428 2928 tela
440 2879 518 2931 forent
529 2895 600 2932 cantu
611 2884 723 2933 mollita:
736 2881 777 2933 sed
785 2887 872 2949 ingens

209 2960 214 2969 '
230 2955 350 3020 Clamor,
368 2962 393 3008 δι
409 2958 495 3012 inflato
511 2961 668 3028 Berecynthia
680 2964 739 3013 tibia
751 2979 847 3018 cornu,

754 3042 945 3110 Tympanaque‚
