1980 3714
224 247 291 329 3'60
365 239 409 310 P.
436 241 592 309 Orrurr
607 241 806 307 Naroma
879 249 886 264 '

220 361 293 422 Quod
304 361 335 412 de
345 362 470 413 Dardanio
481 363 559 412 solum
569 365 629 412 milri
637 361 708 411 rellat
716 360 791 424 liilol¹

217 440 304 490 Solane
319 443 411 506 semper
420 457 461 490 ero
471 439 536 505 iustis
546 443 648 488 exercita
658 441 739 487 curis?

217 518 297 578 Quim
308 517 385 567 modi>
396 516 498 580 Tydidae
511 515 650 579 Calydonia
663 515 776 565 vulnerer
787 515 867 574 halla,

166 597 288 646 77⁰lluuc
300 595 475 646 maledefensae
491 593 644 668 confundant
655 597 747 643 moenia
758 595 860 658 Trojae?

218 674 277 734 Qut
294 673 390 724 videam
409 691 492 723 narum
509 674 587 738 longis
605 673 723 721 erroribus
737 673 841 728 assum,

215 751 347 818 leuarique
365 751 427 800 freno
440 786 450 811 ,
467 749 580 816 sedesque
590 753 680 800 intrare
691 747 806 797 sileuttim
820 764 830 804 ;

215 827 328 895 Bellaque
339 845 395 877 cum
406 829 490 877 Turno
502 843 595 892 gerere3
607 841 666 884 aut,
684 828 705 873 si
715 841 773 874 vera
784 824 894 872 fatemur
905 857 916 880 ,

121 950 124 956 .
214 903 280 953 Cum
296 907 388 954 Junone
399 907 474 969 magis
486 907 495 952 ἲ
507 901 572 964 Quid
583 919 647 951 nuuc
655 905 755 966 antiqua
766 899 886 950 recordor

162 989 209 1037 775
215 981 308 1031 Damna
326 987 372 1031 mei
383 985 474 1047 generis
486 985 495 1030 ἓ
508 983 594 1030 Timor
605 983 645 1028 hic
658 977 795 1028 memiuilse
806 983 919 1044 priorum

212 1059 269 1108 Non
283 1064 348 1110 sinit.
360 1061 388 1110 ln
400 1078 438 1109 me
453 1063 505 1109 acui
516 1061 641 1108 sceleratos
653 1062 749 1108 cernitis
764 1061 853 1115 enses;

211 1135 278 1196 Quos
294 1140 440 1203 prohibete,
457 1153 557 1202 precor3
575 1136 713 1201 facinusque
724 1135 919 1199 repellitecueve

209 1212 285 1264 Caede
295 1212 424 1265 sacerdotia
436 1215 544 1264 flammas
554 1215 693 1279 exstinguite
703 1213 790 1263 Veste.

242 1371 313 1423 Talia
328 1377 489 1442 nequicquam
499 1387 553 1424 toto
563 1375 645 1424 Venus
653 1375 721 1423 anxia
728 1371 795 1422 ctelo

158 1440 360 1515 7³⁰Verbajacir,
372 1455 598 1519 Superosqtmover.
606 1454 654 1514 Qui
662 1469 772 1517 rumpere
779 1467 927 1517 quamquam

206 1528 289 1576 ferrea
304 1543 353 1577 uon
364 1527 462 1594 ponunt
471 1547 579 1581 veterum
590 1530 684 1582 decreta
696 1532 815 1580 Sororum
827 1563 838 1590 ,

204 1605 276 1668 Signa
288 1619 367 1653 tamen
378 1606 454 1655 lustris
467 1606 526 1656 dant
537 1606 602 1656 haud
610 1610 698 1657 incerta
708 1605 794 1655 futuri.

203 1681 276 1729 Arma
294 1681 373 1732 ferunt
388 1686 453 1732 inter
465 1687 544 1750 nigras
557 1687 697 1750 crepitantia
706 1685 804 1743 nubes,

203 1757 380 1824 Terribilesque
391 1763 459 1809 tubas
470 1795 478 1822 ,
495 1760 625 1828 auditaque
635 1777 723 1810 cornua
735 1760 802 1809 coelo

154 1834 373 1904 785Praem0nuill'e
391 1839 467 1888 nefas.
484 1839 568 1889 Phoebi
582 1857 678 1908 quoque
689 1840 758 1889 tristis
773 1841 862 1904 imago

201 1911 291 1962 Lurida
307 1914 407 1964 solicitis
417 1917 537 1980 praebebat
552 1917 645 1967 lumina
659 1920 733 1967 terris.

199 1992 266 2057 Saepe
285 1992 347 2041 faces
357 1995 413 2043 visae
428 1992 513 2044 mediis
529 1994 610 2045 ardere
621 1997 664 2045 sub
674 1997 753 2054 astris3

166 2061 169 2066 '
199 2064 265 2132 Saepe
277 2070 339 2117 inter
352 2071 448 2120 nimbos
462 2087 535 2136 gutte
550 2071 656 2122 cecidere
672 2088 786 2124 cruente.

198 2142 308 2218 Caerulua
323 2149 348 2195 bt
358 2147 459 2212 vulgum
470 2147 588 2214 ferrugine
600 2149 696 2198 Lucifer
709 2150 761 2198 artai

148 2223 293 2285 7908par1⁴us
304 2239 355 2276 erat
368 2243 374 2274 ι
385 2227 456 2289 sparci
472 2225 573 2275 Lunares
583 2229 696 2293 sauguine
712 2245 804 2278 currus.

197 2300 282 2350 Tristia
292 2303 360 2352 mille
370 2304 430 2352 locis
443 2306 538 2369 Stygius
553 2303 621 2354 dedit
633 2309 718 2356 omina
729 2309 794 2356 bubo
809 2325 820 2366 ς

194 2376 266 2426 Mille
282 2379 341 2428 locis
352 2379 495 2443 lacrymavit
509 2383 567 2431 ebur
578 2401 585 2430 ε
598 2399 728 2450 cantusque
738 2385 857 2436 feruutur

193 2452 276 2504 Audiri
287 2457 371 2506 stollis
382 2492 391 2517 ‚
409 2462 434 2506 δε
448 2461 520 2510 verba
530 2464 651 2515 minacia,
668 2461 734 2522 lucis,

192 2530 296 2581 Vistima
306 2533 374 2582 nulia
383 2534 456 2594 litat,
473 2553 620 2604 magnosque
635 2541 719 2588 instare
735 2541 862 2592 tumultus

144 2607 261 2665 mfibra
280 2625 382 2665 monet,
402 2614 535 2679 caeiumque
546 2629 618 2679 caput
632 2620 746 2680 reperitur
764 2621 789 2665 in
806 2623 882 2670 extis.

191 2684 265 2750 Inque
277 2687 349 2749 foro,
362 2691 500 2755 circumque
511 2691 613 2752 domos,
624 2697 650 2742 bc
663 2695 752 2759 templa
763 2695 898 2761 Deorum,

188 2761 324 2814 Noliurnos
340 2764 443 2815 ululall'e'
457 2784 539 2829 canes,
558 2773 699 2837 umbrasque
718 2772 839 2826 silenttirn

187 2837 302 2888 Erraville
313 2842 409 2898 feruntr
430 2859 570 2912 motamque
582 2851 724 2898 tremoribus
736 2853 834 2902 urbem.

187 2913 244 2966 Non
261 2932 340 2968 tamen
350 2919 446 2972 insidias
456 2939 603 2990 venturaque
614 2929 708 2980 vincere
717 2928 769 2980 fata

697 3065 706 3081 ἱ
746 3007 909 3062 Praemonitnr
