2078 3708
192 218 618 286 Msrxnorrnosros
633 218 671 286 L.
690 219 755 288 Vl.
783 244 850 306 127

97 329 131 382 E
146 341 248 403 quibus
260 340 365 388 Ismenos
376 374 384 399 ,
396 340 437 405 qui
448 342 519 388 matri
529 341 619 388 sarcina
629 338 752 406 quondam

98 412 211 466 Prima
221 419 268 468 suae
279 419 356 468 suerat
367 453 374 479 ,
391 417 449 466 dum
461 433 553 468 eertum
564 417 638 468 fleuit
648 421 674 468 in
683 421 767 468 orbem
852 425 908 474 ²25'

100 493 303 562 Quadrupedes
313 499 392 546 cursus
403 531 410 556 ‚
422 499 602 563 spumantiaque
612 513 654 546 ota
664 503 756 547 co'e'rcet
766 515 774 556 3

98 570 173 622 Hei
185 577 263 624 mihil
285 575 421 625 conclamat
432 593 440 634 3
459 574 588 641 medioque
598 578 624 624 in
634 578 728 640 pestorc
740 573 799 624 fixus

99 648 187 699 Tela
198 657 260 716 gerit
271 688 279 712 ‚
299 655 419 720 frenisque
428 669 501 703 manu
513 657 631 704 moriente
642 657 761 714 remissis,

99 723 147 776 ln
164 729 228 778 latus
239 748 253 780 a
264 731 348 780 dextro
359 731 476 798 paulatim
487 730 572 783 defluit
587 747 663 782 armo.

98 806 250 858 Proximus
261 846 270 870 ‚
287 809 372 860 audito
384 811 462 860 sonitu
474 827 516 875 per
526 813 595 860 inane
605 813 737 876 pharetra,
848 821 892 866 230

102 884 132 932 F
134 903 200 937 rena
210 886 284 938 dabat
294 889 389 954 Sipylus
401 908 407 937 ε
418 890 493 939 veluti
504 905 559 938 cum
570 891 678 954 praescius
691 891 774 938 imbris

102 961 196 1012 Nube
207 965 270 1032 fugit
279 967 345 1022 visi,
357 957 531 1033 pendentiaque
542 965 648 1034 undique
659 970 735 1017 testor

105 1040 229 1092 Carbasa
240 1042 376 1094 deduclene
388 1045 435 1112 qui
445 1046 503 1096 levis
514 1045 594 1094 effluat
605 1061 669 1095 aura.

104 1117 134 1166 F
137 1137 198 1168 rena
209 1119 296 1172 dabat:
310 1120 408 1172 dantem
419 1137 468 1172 non
478 1123 589 1173 evitabile
601 1123 677 1172 telum
848 1179 850 1184 ,

106 1196 304 1265 Consequitur?
314 1201 456 1267 summique
468 1215 570 1250 tremens
584 1204 675 1252 cervice
686 1204 771 1266 sagitta
803 1225 806 1230 ·
843 1209 887 1254 ²35

106 1275 212 1332 Haesit,
230 1281 254 1327 &
270 1279 374 1328 exstabat
384 1277 476 1328 nudum
488 1277 524 1347 de·
529 1293 625 1344 gutture
637 1278 735 1328 ferrum.

106 1353 181 1414 Ille,
199 1369 226 1404 ut
238 1371 287 1405 erat
296 1373 404 1422 pronus,
422 1375 462 1422 per
474 1357 537 1406 colla
550 1355 650 1407 admissa
660 1359 774 1424 jubasque

107 1433 250 1493 Volvitut3
262 1439 287 1484 &
299 1433 379 1484 calido
390 1436 500 1484 tellurem
512 1437 624 1500 sanguiue
637 1434 723 1486 lindam
824 1440 825 1444 ’

109 1510 254 1562 Phaedimus
265 1512 367 1573 infelix,
382 1517 406 1562 δι
416 1549 424 1572 ,
444 1517 501 1563 aviti
513 1517 618 1566 nominis
627 1517 693 1564 heres
704 1549 711 1574 ‚

113 1589 234 1640 Tantalus
245 1626 253 1651 ‚
273 1605 299 1639 ut
310 1590 382 1640 solito
392 1589 465 1640 finem
476 1593 610 1656 imposuere
622 1590 717 1652 labori,
839 1591 884 1638 ²47

112 1668 270 1718 Transierant
279 1667 310 1718 sd
324 1685 387 1734 opus
394 1669 476 1719 nitida
489 1661 593 1735 juvenile
605 1670 715 1735 palestrae
727 1689 735 1731 ;

110 1745 145 1794 Et
156 1750 207 1811 iam
222 1747 373 1796 contulerant
385 1749 448 1798 arslo
461 1748 574 1798 lustantia
584 1765 646 1798 nexu

109 1825 213 1874 Pestora
221 1827 371 1891 pesioribus3
384 1827 458 1883 calm,
475 1841 543 1876 tento
554 1830 650 1877 concita
660 1841 753 1888 cornu,

112 1905 181 1952 Sicut
191 1919 258 1954 erant
269 1907 340 1970 junui
351 1939 359 1960 .
376 1906 607 1971 trajecicutrumque
619 1907 712 1970 sagitta.

111 1983 252 2047 ingemuere
263 1983 334 2032 simul
346 2002 352 2031 ε
365 1983 436 2035 simul
448 1988 572 2032 incurvata
586 1981 671 2046 dolore
835 1975 879 2022 ²45

111 2061 224 2111 Membra
234 2061 286 2112 solo
298 2064 396 2128 posuere
409 2081 415 2111 r
429 2061 501 2110 simul
512 2063 621 2126 suprema
630 2054 734 2126 jacentes

110 2139 214 2189 Lumina
223 2140 348 2190 versirunt
360 2159 366 2189 r
378 2143 483 2189 animam
494 2138 566 2188 simul
577 2137 725 2187 exhalirunt.

109 2217 202 2282 Aspicit
212 2218 353 2283 Alphenor,
366 2217 500 2283 laniataque
510 2219 604 2282 pectora
615 2216 728 2280 plangens

108 2293 236 2356 Advolat,
254 2311 282 2345 ut
295 2293 387 2362 gelidos
400 2295 563 2360 complexibus
575 2295 662 2344 allevet
673 2309 754 2355 artus5

109 2373 185 2439 Inque
195 2378 237 2440 pio
249 2373 315 2424 cadit
326 2371 407 2424 officio
418 2391 425 2422 ε
437 2389 492 2422 nam
504 2373 588 2444 Delius
600 2373 637 2422 illi

107 2450 196 2501 Intima
207 2451 305 2518 fatifero
318 2456 407 2518 rumpit
418 2450 549 2517 precordia
560 2452 631 2501 ferro.

108 2527 181 2590 Quod
192 2529 264 2578 simul
275 2528 404 2591 edustum,
417 2546 469 2594 pars
479 2529 512 2578 est
521 2530 643 2594 pulmonis
654 2531 680 2578 in
692 2531 770 2578 hamis

105 2606 179 2656 Eruta
190 2624 196 2656 ε
208 2623 313 2672 cumque
325 2611 403 2658 anima
414 2623 485 2658 cruor
498 2607 530 2656 est
543 2606 629 2656 effusus
639 2611 664 2656 in
676 2623 751 2656 auras.

105 2685 136 2733 At
145 2701 195 2733 non
206 2687 331 2734 intonsum
342 2687 441 2752 simplex
452 2687 658 2736 Damasichthona
668 2687 754 2740 vulnus
786 2709 788 2714 ¹

105 2761 185 2812 Allicit
197 2781 203 2812 a
215 2765 274 2811 iclus
287 2778 355 2822 erat,
373 2766 421 2830 qua
434 2781 485 2813 crus
497 2761 543 2813 ess'c
554 2767 656 2828 incipit,
674 2767 699 2810 δέ
710 2765 758 2828 qua
826 2763 870 2817 ²55

102 2839 192 2890 Mollia
203 2843 317 2888 nervosus
328 2841 386 2890 facit
396 2840 532 2890 internodia
544 2841 635 2906 poples.

101 2915 218 2988 Dumque
229 2919 304 2970 m‘auu
314 2931 390 2972 tentat
401 2921 493 2972 trahere
503 2919 623 2970 exitiabile
634 2917 728 2980 telum,
788 2965 793 2972 ,

601 2997 660 3067 ξίν

832 2361 878 2405 250
