2036 3714
263 255 332 323 214
405 229 449 302 P.
474 233 630 298 Ovtort
649 230 845 298 Naroma

212 359 228 396 ὕ
233 369 240 410 5
247 365 257 414 ς
262 357 358 421 Byblis,
376 359 401 405 δι
413 357 532 404 Ιιιιιιιεᾶιτ
546 353 706 416 lacrymarum
718 353 828 416 gramina
839 351 895 399 tivo.

260 434 351 487 Naidas
365 437 401 483 bis
412 447 512 492 venam,
526 447 580 498 que
589 446 723 496 numquam
734 430 836 478 arescere
847 425 925 494 pollet.

259 509 411 580 Supposuisse
428 511 523 560 ierunt:
537 508 598 576 quid
612 511 676 560 enim
687 505 743 558 dare
755 511 832 572 majus
844 505 952 556 habebantl

258 593 387 652 Protinus,
407 605 433 639 ut
449 590 511 638 sesto
521 593 592 654 piceae
604 585 633 636 de
645 589 735 638 cortice
745 601 821 652 guttae
834 619 842 646 ,

258 670 323 720 Utve
333 685 402 719 tenax
413 665 511 733 gravidi
522 679 603 714 manat
618 665 703 714 tellure
713 665 840 722 bitumen5

210 748 322 799 eeoutve
334 783 342 808 ,
361 747 403 797 sub
417 744 547 796 adventurn
565 745 673 809 spirantis
685 743 738 792 lene
749 739 861 800 Favoni,

256 826 312 875 Sole
327 825 494 882 remollescit,
510 837 562 888 quae
578 822 667 886 frigore
677 821 806 879 constitit,
822 817 901 878 unda,

256 906 294 954 Sic
305 905 415 966 lacrymis
431 903 557 951 consumta
568 902 614 950 suis
627 901 742 950 Pboebe'ia
754 899 838 961 Byblis

255 983 363 1032 Vertitur
380 981 524 1035 insontem,
540 983 582 1046 qui
594 995 657 1029 nunc
669 994 765 1045 quoque
780 977 882 1027 vallibus
892 975 932 1023 illir

254 1059 353 1110 Nomen
368 1061 440 1110 babet
452 1057 578 1118 dominae3
594 1057 709 1124 nigrique
722 1057 766 1106 sub
777 1055 834 1104 ilict
851 1066 931 1104 manat.

206 1228 249 1280 τίς
286 1221 359 1270 Fama
379 1222 437 1271 novi
455 1233 551 1269 centum
565 1217 669 1269 Cretaear
682 1217 784 1266 forsitan
795 1216 864 1263 urbes

253 1297 374 1364 Implillet
392 1299 506 1356 monstri3
527 1301 546 1346 si
559 1315 608 1346 non
620 1295 734 1346 miracula
745 1310 841 1358 nuper,

252 1375 335 1442 Iphide
347 1375 440 1425 mutati
453 1411 461 1436 ,
474 1375 547 1426 Crete
557 1377 669 1440 propiora
682 1369 781 1423 tuliffet.

284 1453 396 1501 Proxima
407 1455 539 1503 Gnorsiaco
554 1469 609 1502 nam
621 1449 744 1517 quondam
755 1449 853 1498 Pbaeliia
864 1464 931 1512 regno

250 1529 381 1594 Progenuit
392 1530 462 1579 tellus
472 1565 480 1590 ,
490 1533 577 1596 ignoto
586 1533 684 1580 nornine
696 1526 801 1594 Ligduro
813 1561 822 1587 ‚

202 1607 355 1671 uyolngenuai
366 1607 396 1657 dc
408 1609 475 1673 plebe
487 1613 574 1659 virum.
592 1610 643 1659 Nec
657 1610 738 1658 census
749 1611 774 1656 in
782 1606 829 1656 illo

250 1684 383 1734 Nobilitate
402 1685 444 1759 sui
459 1691 537 1753 maior
548 1708 556 1736 :=
566 1687 607 1738 sed
615 1691 667 1738 'vita
675 1685 781 1752 fidesque

249 1763 373 1828 Inculpata
384 1764 431 1814 suit
442 1764 560 1830 :gravidae
574 1769 616 1832 qui
634 1769 743 1830 conjugis
754 1779 822 1814 turer

248 1841 358 1912 Vocibus¹
369 1845 405 1892 bis
416 1847 511 1905 movit,
526 1844 580 1894 crim
592 1847 642 1910 Jam
659 1861 733 1909 prope
744 1857 824 1908 partus
836 1839 929 1892 adesset.

250 1919 309 1980 Quae
319 1938 434 1981 voveam,
452 1919 500 1972 duo
519 1925 572 1970 sunt
581 1941 587 1970 ε
597 1925 700 1972 minimo
707 1937 733 1972 ut
738 1922 841 1970 relevere
850 1921 943 1976 labore,

199 1997 331 2064 ‹575thue
346 2017 436 2049 marem
451 2003 535 2065 patiar.
553 2001 684 2052 Onerosior
697 2001 771 2050 altera
784 2001 833 2048 sora
849 2001 900 2050 eli:

248 2077 282 2125 Et
299 2080 361 2125 viret
379 2077 475 2128 fortuna
485 2092 565 2143 negat.
575 2076 649 2138 Quod
658 2080 804 2140 abominor,
817 2095 875 2144 ergo

246 2154 318 2204 Edita
336 2153 397 2203 forte
414 2171 456 2205 tuo
467 2157 539 2206 fuerit
550 2161 569 2206 si
582 2157 672 2208 femina
683 2174 769 2223 partu,

247 2231 360 2298 (invitus
378 2231 485 2283 mando:
497 2235 574 2284 Pietas
586 2270 594 2295 ,
608 2237 704 2300 ignosce
717 2271 725 2297 ,
741 2235 750 2303 i
767 2251 875 2286 necetur.

157 2361 161 2374 ,
246 2313 363 2364 Dixerat:
376 2319 400 2365 oc
415 2315 526 2378 lacrymis
542 2317 639 2366 vultum
657 2319 733 2368 lavere
746 2318 864 2382 profusis,

195 2389 307 2438 oloTam
325 2393 367 2456 qui
382 2390 526 2450 mandabat,
544 2393 619 2460 quarn
630 2399 668 2444 cui
681 2393 796 2444 mandata
806 2394 930 2446 dabantur.

243 2465 289 2516 Sed
308 2481 389 2517 tamen
406 2485 479 2535 usque
495 2471 563 2520 suum
573 2473 639 2522 vanis
650 2471 779 2522 Telethusa
790 2477 905 2522 maritum

243 2543 352 2594 Solicitat
365 2548 473 2610 precibus
485 2581 493 2606 ‚
510 2565 539 2597 ne
550 2550 616 2614 spem
626 2551 670 2600 sibi
681 2565 756 2616 ponat
766 2554 791 2600 in
803 2553 878 2601 ardo.

140 2681 143 2690 Α
167 2688 168 2692 ¹
241 2619 315 2670 Certa
335 2623 375 2670 sua
391 2621 423 2670 est
434 2622 511 2688 Ligdo
523 2628 655 2676 sententia:
669 2631 766 2694 jamque
779 2627 880 2679 ferendo

240 2697 288 2746 Vix
302 2713 352 2748 erat
362 2699 404 2748 illa
415 2715 511 2765 gravem
524 2717 618 2754 maturo
628 2702 733 2770 pondere
744 2722 851 2757 ventrem
861 2725 870 2766 ς

192 2773 306 2836 cirCtim
321 2775 402 2826 medio
418 2779 493 2826 nodis
509 2781 600 2844 spatio,
615 2783 658 2847 snb
670 2785 777 2848 imagine
792 2785 892 2846 somni,

240 2853 332 2902 Inachis
345 2865 400 2904 ante
418 2869 499 2905 torum
509 2891 517 2916 ,
528 2858 616 2924 pompi
627 2863 743 2910 comitata
753 2863 870 2923 suorum,

239 2931 287 2985 alut
303 2931 383 2997 stetit,
392 2947 433 2984 aut
443 2935 493 2989 visa
502 2933 543 2985 est.
553 2936 648 2988 inerant
655 2937 748 2988 lunaria
759 2937 837 2988 fronti
