1980 3714
58 227 517 312 MnnAMortnrrosnort
533 231 685 314 LXIII.
711 193 781 326 305'
866 323 868 328 ,

26 349 63 396 Te
76 365 168 401 tamen
182 386 196 413 ,·
208 351 248 404 ὃῑ
264 356 354 418 virgo,
367 369 440 418 genus
450 344 516 403 haud
523 357 616 403 immite
626 357 732 404 sitorum

23 425 131 492 Erpetit
144 447 154 488 ·,
176 445 266 496 utque
281 431 339 480 facis
350 465 359 490 ,
370 447 438 496 potes
449 434 485 480 his
497 435 595 496 impune
604 447 688 496 negare
701 449 709 492 ι

24 503 59 552 At
79 509 146 554 mihi
162 542 172 567 ,
193 511 240 556 cui
259 523 329 573 pater
343 509 375 558 est
386 509 477 558 Nereus
489 544 497 568 ‚
508 526 581 575 quam
592 509 677 559 taerula
687 509 759 558 Doris
772 507 774 511 ’

25 581 106 632 Enixa
123 585 162 633 est
177 603 187 644 3
204 603 268 652 quae
282 587 333 634 sum
344 585 414 634 turbt
424 603 521 652 quoque
533 602 584 636 tuta
594 587 716 646 sororum,

24 659 102 716 Non,
122 666 175 712 nisi
188 680 237 729 per
255 662 360 723 fluidus,
371 663 440 713 linuit
451 659 568 729 Cyclopis
579 672 685 712 amor'en'r
776 658 822 714 Μ

26 735 147 803 Effugere
160 759 168 789 ι
180 744 209 790 δι
223 741 348 804 lacrymat
360 758 446 791 votem
463 740 592 806 impediere
603 741 732 806 loquentis.

27 813 95 874 Quas
113 817 160 866 ubi
176 835 331 868 marmoreo
346 816 445 869 detersit
454 820 541 885 pollice
550 822 636 884 virgo,

28 891 59 940 Et
74 893 157 943 solata
168 894 263 944 Deam
273 897 305 944 eli
316 913 323 954 ι
336 897 420 952 Refer,
431 896 462 946 ὁὶ
476 900 613 956 carissima,
631 894 692 947 dixit
702 915 711 956 ι

28 969 98 1020 Neve
117 976 157 1021 tui
170 975 281 1024 causam
293 989 365 1040 tege,
384 977 435 1024 sum
448 976 491 1025 tibi
504 973 552 1024 fida
560 1009 568 1035 ,
581 971 681 1024 doloris.

27 1046 117 1097 Nerei's
128 1051 170 1098 his
188 1067 287 1101 contra
304 1054 408 1102 resecuta
418 1051 538 1103 Crataeide
550 1067 640 1102 natam.
768 1062 822 1112 'syo

62 1126 120 1176 Acis
132 1143 189 1178 erat
203 1164 213 1188 ,
232 1130 320 1180 Fauno
333 1129 495 1196 Nymphique
506 1128 651 1193 symaerhide
662 1143 738 1178 cretus
751 1166 759 1190 ,

29 1202 123 1269 Magna
133 1205 247 1273 quidem
267 1210 388 1274 patrisque¹
402 1210 437 1256 sui
446 1210 575 1273 matrisque
592 1206 722 1272 voluptas,

29 1281 119 1332 Nostra
130 1299 223 1334 tamen
234 1289 329 1351 majots
345 1285 410 1336 Nam
424 1299 463 1338 nte
473 1287 517 1334 sibi
527 1289 636 1350 junxerat
646 1285 689 1332 uni

31 1359 148 1411 Pulcher·
160 1367 215 1423 bt,
228 1367 329 1414 odonis
340 1367 426 1414 iterum
436 1363 555 1413 natalibus
565 1360 620 1412 adis
627 1396 639 1424 ‚

31 1437 145 1501 Signirat
161 1440 247 1492 dubia
265 1456 356 1492 teneras
370 1441 481 1508 lanugine
495 1442 578 1490 malas.
764 1447 814 1502 '755

34 1513 105 1566 Hunc
124 1536 192 1584 ego,
213 1538 263 1570 me
273 1520 396 1596 Cyclops,
401 1521 477 1570 nullo
488 1537 542 1570 cum
554 1510 601 1568 fine
610 1519 715 1584 petebat.

34 1591 105 1655 Nec,
118 1601 138 1646 si
149 1601 298 1664 quaesieris,
309 1591 393 1648 odium
405 1599 539 1664 Cyclopis,
552 1613 651 1653 amorne

34 1631 134 1722 Acidis·
128 1693 154 1724 ιιι
165 1677 244 1726 nobis
254 1677 325 1726 fuerit
333 1673 468 1742 presentior
480 1711 489 1737 ,
500 1675 579 1726 edam.

35 1747 79 1798 Par
90 1756 219 1820 utrimque
238 1755 294 1804 fuit.
310 1755 372 1804 Prbl
387 1770 475 1820 quanta
488 1755 596 1818 potentia
613 1751 683 1818 regni

35 1824 74 1874 Est
86 1863 94 1887 ,
116 1830 202 1881 Venus
215 1833 303 1892 alma,
318 1832 367 1880 tuil
379 1847 464 1895 nempe
472 1830 513 1878 ille
523 1831 640 1882 immitis,
650 1833 674 1877 &
685 1830 740 1893 ipsis
763 1843 814 1890 76o

36 1901 178 1958 Horrendus
192 1911 280 1970 silvis,
294 1911 391 1960 &visus
403 1909 431 1956 ab
446 1909 538 1970 hospite
549 1906 618 1954 nullo

37 1977 158 2046 impune,
180 1991 208 2036 bt
219 1991 304 2052 magni
319 2004 374 2038 curn
386 1984 431 2035 Dis
441 1999 577 2036 contemtor
589 1982 706 2048 Olympi,

38 2054 131 2115 Quid'
113 2077 144 2111 srt
154 2079 245 2124 amor,
258 2067 345 2116 sentit.
357 2063 477 2129 nostrique
490 2058 601 2126 cupidine
613 2074 694 2126 captus

40 2130 139 2199 Uritur,
156 2141 253 2192 oblitus
264 2159 378 2207 pecorum
388 2156 559 2210 antrorumque
575 2141 681 2188 snorum.

38 2209 310 2292 Jamquetibiformae‚
325 2219 462 2286 jamqueest
477 2215 744 2290 tibicuraplaceudi·,
761 2229 807 2281 γι
867 2265 868 2268 ,

40 2285 89 2336 iam
100 2291 192 2355 rigidos
205 2297 278 2359 pestis
289 2295 378 2348 rastris,
391 2293 555 2359 Polypheme,
567 2291 679 2356 capillos

40 2359 90 2410 iam
100 2363 160 2415 libet
168 2369 286 2417 hirsutam
296 2371 339 2418 tibi
351 2368 411 2418 falce
422 2367 525 2418 recidere
536 2368 651 2428 barbam,

41 2435 70 2486 Et
87 2442 191 2504 speslare
203 2445 287 2496 fetos'
281 2463 306 2495 ιιι
318 2463 395 2512 aqua,
415 2451 440 2496 &
457 2461 618 2510 componere,
632 2445 725 2496 vultus

43 2512 120 2566 Cedis
136 2537 224 2582 amor,
239 2523 382 2591 feritasque,
397 2527 493 2591 sitisque
503 2521 621 2574 immensa'
630 2528 737 2588 cruoris,

43 2590 157 2646 Cessante
150 2603 197 2649 δι
209 2615 265 2650 tuta
276 2606 375 2654 ueniunt
385 2603 517 2669 abeuntque
529 2605 623 2652 carine.

44 2669 172 2724 Telemus'
166 2693 257 2728 ruterea
267 2680 373 2730 Siculam
382 2678 472 2730 delatus
483 2679 513 2730 ad
530 2679 633 2738 tumen,
709 2731 712 2737 ,

46 2745 154 2802 Telemus
165 2755 305 2818 Eurymides
316 2791 323 2811 ,
339 2775 410 2823 quem
422 2758 488 2806 nulla
499 2753 671 2805 fefelleratales
682 2790 691 2814 ,
751 2793 752 2797 ,

44 2823 184 2880 Terribilem
195 2835 360 2900 Polyphemon
368 2835 432 2893 adim
442 2835 593 2897 Lumenque,
603 2831 668 2898 quod
679 2849 754 2888 unum

50 2900 133 2956 fronte
144 2914 205 2980 geris
215 2911 295 2964 medii
305 2947 315 2974 ,
330 2914 405 2979 rapiet
421 2912 465 2960 tibi
476 2944 486 2970 ,
502 2907 575 2965 dixit,
586 2906 691 2977 Ulysses.
