2078 3708
127 299 556 369 Mrrarroarrrosnort
581 299 618 369 L
650 295 826 392 Vrr159

101 417 203 486 Corpus
210 423 287 470 humo
295 418 418 486 gelidum,
430 419 470 470 sed
478 423 565 472 humus
575 419 605 471 de
613 437 713 487 corpote
724 422 808 473 servet.
828 427 877 481 5⁸⁹

102 497 159 546 Nec
171 496 311 548 moderator
321 497 401 558 adesi,
413 501 486 565 inque
496 501 560 565 ipsos
573 501 632 548 saeva
644 496 768 550 medentes

17 599 28 605 -
101 574 220 641 Erumpit
230 574 310 626 clades
322 611 330 636 ‚
349 577 484 642 obsuntque
495 578 629 626 austoribus
639 591 708 626 artes.

103 653 164 714 Quo
177 656 276 719 propior
286 657 386 720 quisque
396 655 444 714 est,
457 655 575 721 servitque
586 652 680 704 fidelius
690 669 753 720 egro
764 669 774 713 ς

101 730 134 780 ln
146 746 239 796 partem
252 730 294 781 leti
306 731 375 780 titiis
385 735 460 782 venit.
476 731 559 798 thue
569 731 650 782 salutis

103 809 163 874 Spes
175 810 251 868 abiit,
268 807 389 876 finemque
400 807 486 859 vident
499 813 525 859 in
537 809 619 860 funere
630 811 711 860 morbi
722 827 731 870 ς
832 807 875 861 5⁶5

103 884 237 952 Indulgent
247 889 333 936 animis
345 905 351 935 s
365 890 390 936 bc
402 887 486 943 nulla,
501 886 560 954 quid
571 887 648 942 utile.
667 904 723 938 cura
740 887 789 948 τῆς

104 963 178 1014 Utile
188 967 252 1014 enim
262 963 322 1012 nihil
333 964 374 1014 est.
386 965 492 1026 Passim,
506 968 633 1032 positoque
645 964 755 1030 pudore,

105 1041 226 1092 Fontibus
238 1076 247 1100 ,
264 1045 291 1091 ir
300 1040 397 1098 fluviis,
413 1045 537 1109 puteisque
549 1045 674 1108 capacibus
684 1046 775 1094 herent
787 1062 795 1093 s

105 1117 163 1170 Nec
179 1119 243 1186 priris
255 1119 288 1168 est
301 1121 411 1169 erilinila
425 1124 494 1180 sitia,
506 1119 581 1186 quim
594 1124 660 1179 vita,
676 1118 790 1175 bibendo.

106 1196 171 1248 inde
183 1213 264 1264 graves
274 1197 347 1247 multi
359 1213 482 1264 nequeunt
493 1199 650 1263 consurgere,
661 1201 687 1246 u
699 1200 756 1263 ipsis
833 1217 881 1264 57⁰

106 1275 284 1326 Immoriuntur
294 1278 362 1341 aquis
373 1295 379 1324 r
392 1275 451 1324 aliut
461 1291 542 1325 tamen
552 1278 631 1326 haurit
643 1280 667 1326 δι
677 1275 741 1326 illas.

108 1353 237 1420 Tantaque
246 1356 301 1402 sunt
313 1355 404 1402 miseris
417 1356 489 1404 insiti
501 1352 572 1404 taedia
581 1353 653 1414 lefii3

107 1431 243 1482 Prosiliuut
255 1450 261 1480 r
274 1446 315 1482 aut
326 1465 335 1491 ‚
351 1434 371 1482 si
381 1433 510 1498 prohibent
520 1433 645 1482 consistere
656 1435 737 1494 sires,

109 1507 224 1574 Corpora
234 1507 367 1560 devolvunt
376 1513 402 1558 iu
410 1511 530 1571 humum,
544 1510 687 1577 fugiuntque
697 1525 795 1576 penates

108 1577 220 1654 Quisque
231 1589 284 1637 suos
295 1606 302 1636 :
314 1589 354 1636 sua
365 1590 451 1654 cuique
465 1587 551 1638 domus
563 1589 653 1639 funesta
664 1587 768 1662 videtur.
822 1590 877 1654 '57p

108 1665 143 1716 Et
154 1669 211 1732 qnia
225 1668 293 1716 causa
307 1666 366 1716 latet
378 1701 386 1726 ,
401 1667 468 1716 locus
484 1667 516 1717 eli
526 1669 552 1716 in
563 1670 671 1718 crimine·
683 1667 758 1718 Notis

110 1745 260 1794 semanimea
275 1761 350 1795 errare
361 1747 406 1794 viis
417 1777 425 1804 ,
442 1742 502 1795 dum
511 1745 569 1796 state
580 1745 708 1806 valebant,

110 1823 234 1888 Aspiccres
246 1840 254 1882 3
272 1821 356 1872 flentcs
366 1823 445 1884 alios,
460 1838 574 1891 tetraque
585 1829 705 1890 jacentes,

110 1899 229 1967 Lail'aque
241 1903 359 1952 versantes
369 1903 481 1966 supremo
492 1901 584 1951 lumina
594 1917 664 1951 metu
676 1920 682 1950 r

109 1979 271 2046 Membraque
281 1977 406 2045 pendentis
418 1976 520 2028 tendunt
531 1976 561 2027 ad
572 1975 648 2028 sidera
659 1977 733 2039 coeii,
834 1970 882 2034 5⁸⁰

111 2056 161 2108 liic
172 2057 242 2116 illic,
258 2059 299 2106 ubi
310 2073 376 2107 mors
386 2054 559 2123 deprenderat,
576 2055 721 2106 exhalantes.

112 2134 180 2198 Quid
191 2139 251 2186 mihi
262 2153 319 2186 tunc
331 2139 404 2186 animi
415 2135 479 2186 fuiti
491 2151 521 2184 an
530 2170 540 2194 ,
550 2131 618 2202 quod
627 2133 711 2184 debuit
721 2131 782 2193 cll'e,

111 2213 149 2265 Ut
159 2219 233 2264 vitam
244 2211 348 2264 odissem
357 2249 370 2276 „
383 2219 407 2264 br
419 2229 529 2278 cuperem
540 2229 595 2279 pars
603 2210 650 2262 effe
662 2215 794 2262 meorum?

112 2295 173 2356 Quo
182 2295 205 2342 se
216 2309 321 2359 cumque
332 2296 393 2342 acies
402 2291 528 2342 oculorum
542 2291 655 2352 licuerat,
666 2291 718 2340 illic

111 2372 209 2438 Vulgus
224 2387 274 2422 erat
286 2363 400 2420 straturis:
416 2371 490 2421 veluti
500 2371 556 2421 crim
568 2373 646 2436 putria
656 2371 730 2426 notit
835 2372 879 2436 585

111 2453 190 2502 Poma
201 2448 290 2500 cadunt
300 2451 387 2504 ramis,
398 2449 533 2516 agitarique
543 2449 598 2498 ilice
608 2445 716 2515 glandes.

112 2530 220 2595 Templa
230 2528 295 2579 vides
307 2544 407 2588 contra,
420 2526 531 2593 gradibus
543 2525 653 2576 sublimia
664 2527 761 2594 lungite

111 2608 223 2673 iuppiter
233 2607 277 2657 illa
286 2619 361 2680 tepet.
375 2607 434 2667 Quis
446 2623 496 2656 non
510 2605 622 2656 altaribus
633 2605 683 2656 illis

107 2687 185 2737 irrita
196 2701 248 2736 cura
259 2685 332 2738 tulit?
348 2687 441 2752 quoties
452 2701 495 2750 pro
506 2687 609 2750 coniuge
619 2687 725 2749 conjux,

113 2764 163 2814 Pro
179 2778 253 2829 gnato
267 2766 377 2830 genitor,
394 2760 452 2812 duna
467 2764 539 2812 verba
556 2763 677 2828 precantia
689 2758 768 2826 dicit,
837 2769 885 2817 rav

113 2841 175 2895 Non
189 2845 293 2892 exoratis
304 2845 409 2891 animam
424 2840 503 2892 finivit
515 2845 540 2890 in
551 2842 616 2892 aris?

113 2919 193 2985 Inque
205 2934 278 2990 manu
290 2923 347 2969 turia
359 2933 411 2984 para
422 2920 573 2968 inconsumta
584 2933 673 2983 reperta
685 2919 737 2971 elli

114 2993 220 3050 Admoti
231 3001 324 3065 quoties
339 2997 453 3064 templis,
470 2995 529 3049 dum
539 3009 597 3052 rota
606 2995 717 3048 sacerdus
