2078 3708
119 259 547 334 MnrArronrnosson
564 268 603 338 L.
620 270 682 340 VI.
710 295 774 359 141

57 377 128 428 Nam
147 381 208 430 mihi
226 397 323 448 campus
335 387 355 433 is
366 386 414 445 est,
426 401 494 437 tanto
504 388 631 440 molimine
637 391 732 452 luelors

56 456 104 506 Ut·
111 457 205 508 medius
215 461 300 516 nolitis
310 465 462 514 concursibus
470 469 568 520 intonet
579 471 667 526 ather.
779 473 824 524 ὓς

56 534 228 603 Exsiliumque
240 542 304 590 cavis
319 539 371 589 elisi
384 543 485 592 nubibus
495 548 570 609 ignes.

56 612 133 663 Idem
149 631 194 680 ego
202 650 211 675 ‚
229 615 284 665 crim
300 619 361 666 subii
374 636 479 670 convexa
493 621 712 690 intaminarent,

57 693 229 759 supposuique
247 693 314 743 ferox
326 698 380 745 imis
392 713 445 747 mea
452 713 521 764 terga
529 706 650 762 taverniss

58 769 166 820 Solicito
176 787 275 832 manes,
292 787 418 840 totumque
434 780 576 828 tremoribus
586 781 679 830 orbern.
701 805 705 811 ·

59 848 115 898 liae
133 867 180 915 ope
195 849 324 903 debueram
340 853 447 905 thalamo
456 853 564 922 perulis-t
572 859 686 924 socerque
773 882 826 930 70²

12 969 18 978 .
59 926 122 976 Non
135 925 239 978 orandus
252 943 302 978 etat
313 927 374 988 ‚sed
390 934 415 981 vi
427 931 567 993 faciendus,
584 935 736 990 Erechtheus.

56 1005 123 1054 llaec
134 1005 238 1066 Boreas,
255 1022 295 1056 aut
305 1009 341 1056 his
351 1023 401 1062 uun
410 1010 524 1060 inferiora
533 1011 643 1074 'locutus,

57 1082 173 1133 Excussit
193 1100 282 1149 pennas
294 1103 300 1134 a
312 1102 412 1157 quarum
421 1091 545 1152 jallatibus
555 1095 634 1140 omnis

57 1162 152 1211 Afflata
168 1162 200 1212 est
218 1162 288 1211 tellus
300 1181 308 1222 3
322 1163 446 1231 latumque
461 1169 595 1231 perhorruit
608 1183 703 1234 aequore

56 1241 253 1306 Pulvereamque
267 1243 361 1298 trahens
372 1259 412 1306 per
422 1244 514 1292 summa
524 1247 649 1296 cacumina
660 1245 764 1311 pallam,
779 1265 825 1310 705

56 1319 145 1368 Verris
160 1321 262 1368 humum
273 1337 279 1367 ι
292 1317 451 1386 pavidamque
461 1337 545 1381 metu,
556 1323 657 1389 caligine
668 1327 738 1373 telius
751 1360 758 1386 ,

56 1395 198 1459 Orithyian
213 1411 293 1446 arnans
305 1395 377 1452 fulvis
388 1397 538 1462 ampleffitur
548 1399 599 1448 alis.

55 1475 132 1523 Dum
149 1473 234 1533 volat,
251 1475 356 1523 arserunt
365 1477 448 1539 agitati
461 1475 545 1526 sortitis
555 1481 629 1543 ignes.

58 1553 117 1603 Nee
131 1551 198 1618 priris
213 1555 268 1601 aerii
279 1551 359 1602 curstis
370 1555 495 1618 suppressit
507 1558 625 1615 habenas,

61 1630 149 1691 Quint
167 1629 288 1682 Ciconum
300 1633 376 1679 tenuit
385 1633 486 1696 populos
497 1668 505 1693 ,
517 1635 558 1683 sua
570 1636 676 1699 munia,
689 1647 828 1703 raptor.730

58 1710 119 1766 illic
139 1713 165 1758 &
183 1705 256 1774 gelidi
268 1713 355 1772 conjux
372 1710 449 1758 Atina
463 1715 577 1773 tyranni,

58 1788 93 1836 Et
111 1789 217 1852 genitrix
229 1785 289 1836 falia
304 1785 335 1834 est
346 1803 352 1835 ε
364 1803 443 1851 partus
454 1791 521 1836 enixa
531 1788 660 1853 gemellos,

59 1864 156 1915 Cetera
170 1866 211 1929 qui
229 1866 327 1921 matris,
347 1881 434 1928 pennas
449 1870 561 1929 genitoris
576 1867 697 1916 haberent.

57 1943 124 1993 Non
136 1955 218 1992 tamen
228 1944 269 1991 has
280 1941 327 1991 unal
343 1958 479 1992 memorans
489 1959 544 1991 cunr
555 1961 654 2008 corpore
666 1955 746 1994 natas:

57 2021 190 2086 Barbaque
206 2018 265 2069 dum
283 2019 362 2069 rutilis
377 2020 457 2068 aberat
472 2017 585 2068 submissa
604 2019 717 2084 capillis,
781 2039 826 2082 7¹5

57 2098 198 2163 lmplurnes
214 2097 345 2164 Calaisque
357 2114 417 2163 puer
433 2097 567 2164 Zethesque
578 2097 683 2149 fuerunt.

58 2177 126 2226 Mox
144 2181 233 2241 pariter
248 2181 297 2225 ritu
308 2192 390 2240 penne
408 2191 499 2240 caepere
510 2176 637 2226 volucrum

58 2252 171 2318 Cingere
184 2269 320 2320 utrumque
337 2253 414 2312 latus3
430 2257 516 2319 pariter
530 2253 653 2305 flavescere
668 2255 746 2307 male.

58 2330 145 2394 Ergo,
167 2331 210 2380 ubi
226 2333 344 2382 concessit
356 2345 447 2396 tempus
458 2333 547 2397 puerile
558 2338 674 2398 juventa,

59 2407 162 2457 Vellera
178 2423 236 2457 cum
250 2408 356 2470 Minyis,
373 2407 451 2458 nitido
463 2408 578 2459 radiantia
589 2411 667 2472 villo,
780 2431 830 2476 720

58 2486 108 2544 Per
120 2502 186 2539 usare
195 2502 247 2538 non
257 2499 353 2537 motum
365 2486 443 2551 primi
450 2490 537 2552 petiere
552 2487 641 2540 carini.

273 2669 279 2678 ’
369 2686 487 2768 Μ
