2078 3708
252 319 318 364 100
393 293 437 364 P.
461 297 615 364 Ovrnrr
632 299 826 365 NAsorrrs
884 303 887 312 '

326 403 331 416 ,
495 391 500 408 »

215 441 224 484 5
246 420 317 483 lnque
332 421 469 483 repentinos
482 421 593 468 convivia
605 421 671 469 versa
684 418 800 468 tumultus

244 496 388 546 Assimulare
404 496 466 546 freto
479 500 553 562 possis
566 515 572 546 r
585 495 653 564 quod
663 499 723 548 sava
734 500 844 562 quietum

244 574 381 624 Ventorum
393 575 467 624 rabies
478 577 551 623 moris
566 576 685 639 exasperat
696 571 774 623 undis.

245 649 338 697 Primus
349 650 374 696 in
385 647 421 696 hir
434 647 535 696 Phineus
546 682 554 707 ,
567 647 625 698 belli
636 648 773 702 temerarius
784 646 882 702 ausior,

243 725 382 774 fraxineam
399 727 507 792 quatiens
518 739 594 774 aratra
606 722 709 790 cuspidis
721 724 809 772 hallam
822 739 831 781 ·,

196 821 226 862 ιο
244 803 297 864 En,
309 806 362 864 ait,
377 820 408 854 en
422 801 505 852 adsum
520 818 640 868 praerepta
652 805 761 868 conjugis
772 801 848 850 ultor.

242 882 293 931 Nec
303 884 363 932 milti
375 895 398 930 te
411 895 493 946 penna¹
505 915 514 941 ,
529 897 573 930 nec
586 879 672 929 salsum
686 881 764 929 versus
774 882 799 928 in
810 892 894 928 aurum

240 964 364 1028 luppiter,
381 965 491 1027 eripient.
505 959 613 1010 Conanti
624 963 719 1010 mittere
731 958 861 1026 Cepheus,

240 1037 307 1098 Quid
318 1037 376 1088 facis
385 1039 394 1086 i
403 1037 521 1086 exclamat
532 1055 538 1084 r
551 1053 603 1102 quae
615 1051 637 1086 te
647 1071 655 1095 ,
667 1052 794 1102 germane,
808 1034 922 1086 furentem

240 1113 310 1163 Mens
321 1117 371 1178 agit
380 1116 406 1162 in
415 1112 524 1162 sasinus?
536 1115 658 1162 meritisne
669 1115 719 1164 haec
730 1113 806 1176 gratia
817 1111 888 1160 tantia

193 1209 219 1254 ¹5
240 1188 372 1241 Redditur!
387 1193 431 1240 hnc
442 1192 518 1240 vitam
529 1190 625 1240 servata
636 1188 694 1240 dote
705 1186 814 1257 rependis
825 1194 834 1239 i

239 1269 319 1330 Quam
330 1269 374 1318 tibi
385 1283 436 1317 non
446 1268 558 1325 Perseus,
570 1283 654 1316 verum
664 1271 684 1316 si
694 1269 777 1334 queris
786 1299 795 1326 ,
809 1263 913 1330 ademit,

239 1342 286 1396 Sed
296 1361 366 1411 grave
375 1341 509 1393 Nereidum
519 1359 622 1396 numen,
636 1341 677 1392 sed
688 1345 797 1406 corniger
806 1344 924 1401 Ammon,

238 1420 285 1473 Sed
298 1438 351 1488 quae
365 1421 492 1471 visceribus
502 1420 612 1468 veniebat
623 1419 702 1468 bellua
712 1434 789 1484 punto

238 1493 400 1548 Exsatutrnda
410 1499 478 1544 meis.
492 1495 539 1544 lllo
554 1497 598 1544 tibi
611 1511 718 1561 tempore
732 1511 800 1561 rapta
816 1513 830 1544 e

189 1595 220 1628 ιο
238 1575 294 1636 Quo
305 1577 409 1644 peritura
419 1572 465 1623 fuit
475 1591 482 1620 e
494 1575 589 1634 nisisi,
606 1571 709 1624 crudelis
721 1608 730 1634 ,
747 1572 774 1623 id
784 1575 864 1640 ipsum

235 1654 334 1719 Exigis,
350 1667 379 1701 ut
391 1665 489 1716 percar3
508 1649 619 1716 ludiuque
631 1650 739 1700 levabere
748 1653 841 1701 noslro.
1003 1715 1004 1718 Ἴ

236 1731 332 1782 Scilicet
338 1726 404 1782 haud
411 1729 465 1776 saris
473 1727 522 1786 est,
532 1727 613 1792 quod,
623 1744 646 1778 te
655 1729 772 1794 spesiante
778 1764 787 1789 ‚
796 1732 896 1780 revinsla
904 1728 944 1782 est?

235 1809 266 1859 Et
277 1808 369 1858 nullam
379 1803 447 1873 quod
456 1821 528 1877 opem
539 1797 635 1875 patruus
648 1809 774 1872 sponsusve
786 1809 860 1858 tulisti
872 1813 880 1860 i

234 1885 348 1952 insuper,
361 1902 374 1934 a
388 1899 511 1952 quoquam
523 1881 591 1950 quod
607 1887 637 1933 sit
650 1887 757 1944 servata,
771 1884 882 1948 dolebis,

188 1981 216 2026 25
234 1961 382 2026 Praemiaque
394 1961 476 2022 eripies
488 1959 496 2005 i
514 1971 566 2022 que
579 1959 599 2006 si
610 1959 653 2006 tibi
664 1975 751 2024 magna
760 1956 888 2015 videntur,

234 2041 270 2091 Ex
280 2040 329 2090 illis
343 2037 448 2103 scopulis
460 2071 468 2096 ‚
484 2037 525 2084 ubi
536 2053 604 2086 eraut
614 2035 699 2098 affixa,
718 2036 821 2102 petisses.

232 2119 304 2170 Nunc
315 2121 364 2166 sine
374 2151 382 2174 ‚
394 2118 435 2181 qui
446 2117 532 2179 petiit,
549 2132 589 2179 per
600 2133 673 2182 quern
683 2107 733 2166 non
744 2120 803 2166 orba
813 2120 928 2176 scneuus,
1001 2115 1002 2145 l

233 2197 320 2255 Ferre,
332 2192 434 2262 quod&
446 2197 538 2244 meritis
548 2199 572 2245 δι
585 2212 645 2246 voce
655 2196 687 2245 esi
698 2199 777 2262 pasius
789 2217 795 2246 ε
808 2204 907 2262 euinque
1000 2251 1001 2254 Ἴ

233 2276 292 2327 Non
303 2277 364 2334 ribi,
377 2271 418 2324 sed
428 2287 498 2323 certae
509 2273 634 2339 prelatum
645 2277 752 2344 intellige
763 2283 847 2328 morti.

187 2362 217 2404 30
232 2354 277 2404 llle
287 2351 348 2402 nihil
359 2365 443 2405 contra
454 2367 460 2398 ε
474 2348 516 2400 sed
525 2354 549 2399 &
561 2353 642 2412 hunc,
657 2357 682 2402 &
693 2354 774 2404 Persea
783 2353 853 2404 vultu

234 2431 334 2482 Alterno
347 2430 451 2494 speiians
463 2463 471 2487 ,
488 2443 554 2492 perat
565 2431 628 2478 hunc
639 2432 751 2495 ignorat,
764 2431 883 2480 anilium.

233 2506 411 2570 Cunstatusque
422 2506 507 2564 brevi,
522 2519 658 2556 contortam
668 2510 757 2557 viribus
768 2507 875 2567 hastam,

233 2583 340 2644 Quantas
350 2585 385 2630 ira
394 2578 483 2640 dabat,
495 2585 654 2648 nequicquam
665 2587 690 2634 in
701 2585 781 2634 Persea
792 2587 866 2634 misit.

232 2661 268 2710 Ut
279 2661 341 2711 sterit
351 2658 394 2708 illa
405 2673 460 2708 toro
471 2692 479 2718 ,
497 2659 573 2709 litatis
583 2675 635 2708 tum
645 2659 746 2727 denique
758 2661 852 2712 Perseus

186 2752 212 2795 35
232 2737 334 2789 Exsiluit
345 2735 459 2800 rteloque
472 2735 538 2784 ferox
550 2737 647 2786 inimica
657 2736 754 2788 remisso

230 2813 329 2881 Pesiora
339 2808 453 2876 rupisset,
464 2813 509 2860 nisi
520 2812 572 2876 post
583 2813 668 2865 altaria
678 2816 780 2865 Phineus

231 2885 303 2938 Isset:
318 2891 362 2946 δι,
377 2884 504 2950 indignum
516 2888 522 2937 i
534 2888 648 2941 scelerato
659 2892 750 2954 profuit
759 2910 809 2944 ara.

231 2965 319 3022 Fronte
332 2978 413 3024 tamen
424 2963 505 3024 Rhtpti
514 2980 565 3014 non
576 2967 642 3018 irrita
659 2969 734 3032 cuspis
746 2968 853 3020 adhesit.

231 3040 279 3106 Qui
287 3039 339 3108 posi
347 3035 421 3110 quim
429 3034 518 3098 cecidit
524 3069 534 3100 ,
543 3035 680 3109 ferrumque
686 3057 714 3092 ex
721 3039 770 3092 olle
776 3045 891 3096 revulsum
898 3040 933 3098 esi,
