2056 3706
119 261 552 328 Marauonerroseou
574 253 612 321 L.
644 255 693 320 ΙΙ.
725 279 769 342 49

55 379 130 430 Vertit
142 385 205 436 ittet
220 378 341 446 coeloque,
356 379 419 444 petit
431 376 542 436 diversa,
555 375 651 425 feriator
773 385 821 432 750

56 456 107 507 Nec
117 460 141 506 se
157 457 301 508 dissimulate
309 473 375 507 tanta
385 458 420 506 est
429 455 520 506 fiducia
534 455 627 506 formae.

59 534 116 594 Qua:
125 551 271 602 quamquam
280 537 340 601 Justa
350 537 395 590 est,
407 535 465 585 curri
478 549 559 584 tamen
570 533 668 600 adjuvat
678 533 744 583 iilam
755 551 762 592 ¹,

61 612 333 680 Permulcetquecomas,
339 613 557 679 chlamydemque,
566 627 593 661 ur
599 611 701 677 pendeat
709 628 775 677 apte,

61 688 168 741 Collocat
179 711 186 740 t
200 692 344 752 arsimone,
360 707 489 758 totumque
506 706 617 756 appareat
627 707 710 739 aurum
720 708 729 750 3

62 765 93 815 Ut
106 783 161 818 teres
172 773 202 820 t‘n
215 769 313 830 dextra,
323 787 369 836 qua
376 772 474 819 somnos
485 768 553 818 ducit
566 773 590 817 ot
602 784 680 830 arcet,
779 772 824 818 735

59 845 129 912 Virga
140 852 184 906 titt
201 864 229 898 ιιι
240 853 410 898 tersis-niteant
422 849 507 897 talaria
517 847 615 912 plantis.

58 924 112 974 Pars
122 929 210 976 secreta
221 925 311 976 domris
321 929 392 976 thore
406 931 431 975 δι
443 925 559 975 testudine
571 926 649 975 cultos

59 1003 116 1052 Tres
121 1005 344 1055 habuitthaiamosr
354 1019 457 1071 quorum
466 1021 491 1054 tu
501 1003 634 1063 rPandrose
642 1039 649 1064 ,
658 1001 780 1063 dextrum,

58 1081 174 1146 Aglauros
183 1085 274 1134 laevum
284 1118 292 1143 ‚
304 1081 412 1132 medium
422 1081 558 1146 possederat
568 1083 649 1131 Herse.

60 1158 120 1217 Quae
135 1165 213 1210 tenuit
224 1161 332 1218 laevum,
349 1164 486 1208 venientem
496 1163 576 1224 prima
585 1163 679 1210 notavit
785 1172 832 1218 740

60 1236 375 1301 Mercuriumtnomenque
387 1236 434 1283 Dei
447 1238 550 1284 scitarier
561 1237 614 1285 ausa
624 1237 672 1297 est,

63 1312 95 1361 Er
114 1315 210 1362 eausam
221 1312 348 1362 adventia.
360 1312 412 1362 Cui
425 1316 458 1362 ric
469 1312 591 1378 respondit
601 1313 701 1365 Atlantis

61 1391 225 1458 Pleionesque
234 1409 308 1456 nepos
316 1411 324 1440 e
332 1392 384 1456 Ego
398 1395 463 1451 sum,
475 1393 516 1458 qui
526 1390 586 1458 J'uss'a
600 1410 642 1458 ptr
651 1411 718 1444 auras

60 1469 143 1518 Verba
155 1474 229 1534 patris
239 1486 319 1534 porto.
335 1472 403 1518 Pater
414 1470 513 1518 estnrihi
525 1471 632 1536 Juppirer
642 1475 707 1538 ipse3

60 1547 113 1598 Nec
125 1547 216 1612 fingam
230 1550 319 1597 causas.
332 1549 369 1598 Tu
382 1549 474 1598 tannim
487 1548 535 1599 fida
546 1553 623 1600 sorori
781 1549 827 1615 74'5

56 1623 113 1676 Esse
130 1626 208 1685 velis,
220 1626 341 1692 prolisque
351 1643 409 1676 meae
423 1643 549 1678 matertera
560 1625 618 1678 diei.

56 1705 131 1754 Herse
142 1707 216 1753 causa
224 1707 270 1754 viae
281 1724 287 1752 r
301 1705 378 1754 faveas
387 1723 483 1755 oramus
494 1710 594 1756 amanti.

54 1784 153 1848 Aspicit
166 1785 232 1830 hune
243 1783 320 1830 oculis
328 1782 417 1839 isdem,
429 1783 516 1849 quibus
527 1781 609 1834 abdita
619 1801 692 1850 nuper

54 1860 164 1911 Viderat
175 1859 239 1924 Agla
286 1859 371 1909 suave
382 1863 470 1910 secreta
478 1863 610 1922 Minervae3

55 1939 158 2005 Proque
179 1875 316 1987 miniufferio
333 1939 415 2002 magni
431 1941 475 1985 sibi
491 1937 602 2002 ponderis
618 1957 701 1990 aurum
743 1927 744 1930 Ἴ
788 1951 834 1998 750

53 2018 168 2068 Postulat
180 2035 187 2065 e
203 2019 297 2068 interea
309 2017 374 2064 tedis
386 2013 498 2065 excedere
509 2019 583 2080 cogit.

54 2097 139 2146 Vertit
150 2095 184 2145 ad
196 2098 263 2146 hauc
275 2097 337 2144 torvi
347 2095 398 2143 Dea
407 2093 494 2144 bellica
505 2093 603 2143 luminis
613 2096 695 2144 orbem
702 2113 711 2157 3

52 2173 86 2226 Et
98 2190 170 2224 tanto
183 2177 283 2239 penitus
293 2175 365 2220 traxit
374 2173 473 2236 suspiria
485 2187 572 2234 motu,

53 2252 90 2300 Ut
104 2255 198 2317 pariter
211 2253 312 2316 petius,
326 2251 475 2316 positamque
486 2253 511 2299 in
524 2243 687 2317 peoore'fort'r

51 2329 147 2396 AEgida
163 2343 323 2379 concuteret.
340 2329 421 2388 Subit,
433 2331 493 2378 hanc
504 2344 588 2380 arcana
599 2331 700 2396 profani
787 2358 831 2403 755

51 2406 185 2462 Detexiffe
198 2415 275 2456 manu
287 2421 352 2466 rum,
367 2406 421 2455 crim
432 2411 481 2456 sine
491 2421 567 2457 matre
577 2423 679 2458 creatam
692 2446 700 2470 ‚

51 2487 213 2538 Lemnicolae
230 2486 328 2549 stirpem
343 2501 427 2534 contra
437 2484 492 2535 data
504 2485 594 2536 foedera
610 2486 687 2546 vidit;

50 2569 85 2620 Et
104 2581 259 2632 gratamque
271 2564 325 2612 Deo
341 2563 392 2612 fore
408 2567 473 2628 jam,
491 2579 629 2630 gratamque
643 2568 736 2624 sorori;

51 2647 85 2696 Et
106 2644 190 2694 ditem
203 2645 304 2700 sumto,
320 2639 387 2707 quod
399 2658 466 2691 avara
477 2645 612 2708 poposcerit
624 2679 632 2703 ,
644 2659 710 2693 auro.

52 2725 173 2776 Protinus
193 2718 315 2778 Invidia,
333 2722 401 2784 nigro
413 2720 543 2786 squalentia
558 2723 631 2774 tabo,
729 2768 730 2772 ,
790 2731 839 2782 760

53 2805 133 2853 Testa
150 2803 225 2866 petit.
243 2799 342 2847 Domus
356 2797 388 2845 est
400 2800 455 2846 imis
464 2801 489 2846 in
499 2797 602 2846 vallibus
614 2801 675 2846 antri

53 2879 152 2932 Abdita
165 2914 174 2938 ,
191 2878 245 2926 soie
265 2877 363 2934 citent,
375 2874 478 2923 nonulli
489 2877 669 2939 perviave'nto,

52 2959 143 3012 Tristis
156 2991 166 3017 ,
189 2959 217 3005 δι
227 2955 314 3019 ignavi
323 2953 459 3020 plenissima
470 2953 579 3018 frigoris3
591 2955 615 3002 &
626 2967 677 3018 quae

91 3039 170 3088 Tom.
193 3037 244 3084 ll.
586 3073 593 3082 .
672 3029 694 3079 C
