2078 3708
172 247 647 334 MurAluourrrosuouL.
663 249 726 314 VI.
749 270 814 333 139

86 364 171 416 Mota
181 365 280 432 quidem
292 366 324 416 est
335 369 449 430 genitrix,
466 365 612 432 infradeque
626 367 732 416 constitit
741 369 775 416 ira
782 384 790 424 3

86 442 221 510 Invitique
238 444 304 494 oculi
318 444 430 506 lacrymis
445 442 557 494 maduere
575 447 670 494 coactis.

86 520 146 570 Sed
165 521 237 572 simul
256 525 482 586 exuimiamntrenr
495 525 582 586 pietate
600 522 679 572 labare

86 599 194 659 Sensit,
209 601 239 648 ab
258 603 305 649 hoc
323 591 411 649 iteruin
428 599 505 650 estad
522 595 602 650 vultus
613 603 678 650 vetsa
689 602 793 660 sororis;
818 606 865 657 ⁶30

84 673 173 742 Inque
190 680 268 728 vicem
282 680 385 742 spolians
402 679 502 738 ambos,
515 677 567 728 Cur
577 677 707 735 admovet,
722 682 821 746 inquit,

85 752 166 801 Alter
185 753 332 805 blanditias?
350 755 418 820 rapti
428 756 483 804 silet
493 755 567 805 altera
576 756 677 822 linguei?

87 829 178 891 Quam
188 847 261 883 vocat
273 835 313 882 hie
325 849 442 893 matrem,
454 851 551 884 cutnou
561 849 633 886 vocat
642 835 685 884 illa
695 838 816 888 sororem?

86 906 146 957 Cui
168 913 199 959 sis
209 925 284 976 nupta
296 909 353 961 vide
364 945 372 972 ‚
392 910 514 962 Pandione
525 927 581 964 nata
588 947 597 974 ,
609 917 706 964 marito.

85 985 232 1052 Degeneras
244 1009 250 1038 e
263 989 337 1038 scelus
357 989 390 1038 est
402 992 477 1054 pietas
486 993 511 1040 in
522 994 625 1056 conjuge
636 993 723 1040 Tereo.
817 1006 861 1058 s35

86 1064 149 1114 Nec
166 1083 236 1117 mora
247 1087 253 1116 ε
265 1072 337 1118 traxit
348 1069 404 1132 Ityn
415 1085 423 1126 ;
433 1069 508 1120 veluti
519 1071 651 1134 Gangetica
662 1086 738 1120 cerva

87 1142 234 1194 Laetentem
251 1145 328 1196 fetutn
344 1161 386 1211 per
396 1146 466 1196 silvas
476 1149 542 1210 tigris
554 1135 649 1212 opacos.

87 1219 179 1286 thue
197 1221 283 1272 domuit
294 1223 348 1273 altre
365 1239 457 1288 partem
469 1239 563 1276 tenuere
578 1240 718 1284 remotamt

87 1298 295 1367 Tendentemque
309 1318 394 1352 manus
401 1337 410 1363 ,
424 1306 450 1352 ὃ(
462 1307 511 1368 iam
521 1302 623 1353 suadete
632 1301 770 1362 videntem,

88 1379 158 1438 Eia,
175 1383 200 1428 δι
216 1383 285 1444 jam,
299 1381 395 1440 Mater,
407 1381 569 1442 clamantem,
582 1385 606 1431 it
618 1381 682 1430 colla
692 1394 864 1447 petentern64o

88 1457 157 1506 Ense
173 1457 229 1507 ferit
239 1459 344 1518 Procne,
358 1458 426 1508 lateri
436 1457 484 1524 qud
496 1461 574 1522 pestus
594 1456 713 1516 adhaeret;

89 1535 148 1585 Nec
166 1535 261 1586 uultum
276 1539 370 1586 avertit.
383 1538 442 1589 Satis
457 1536 496 1600 illi
506 1535 537 1584 ad
549 1535 646 1586 faravel
658 1552 733 1584 unum

89 1613 190 1662 Vulnus
205 1627 271 1662 erat:
288 1613 397 1678 iugulum
409 1613 472 1662 ferro
485 1612 619 1662 Philomela
630 1613 737 1663 resolvit.

89 1690 205 1756 Vivaque
213 1689 306 1750 adhue,
320 1689 696 1756 aoimaequealiquidtetinentia‚
706 1692 814 1740 membra

89 1767 238 1816 Dilaniant:
251 1785 303 1833 pert
317 1767 445 1818 indecoris
464 1769 564 1818 exsultat
575 1773 638 1835 einis
650 1803 659 1828 ,
816 1774 859 1824 ⁶45

1 1901 2 1904 Ἴ
90 1847 149 1896 Pars
171 1848 272 1898 verubus
282 1846 364 1899 stridet
376 1866 381 1896 ι
395 1861 494 1896 manant
508 1847 638 1910 penetralia
653 1847 720 1896 taho.
815 1867 818 1876 ¹

92 1925 138 1976 His
152 1914 251 1980 adhibet
268 1930 356 1991 conjux
372 1929 482 1989 ignarum
500 1925 576 1976 Teren
592 1927 694 1980 mensist
742 1930 744 1934 '

92 2004 125 2053 Et
140 2007 210 2069 patrii
224 2007 297 2053 moris
314 2005 409 2054 sactum
425 2005 542 2056 mentita,
559 1998 626 2066 quod
642 2003 683 2048 uni

92 2083 136 2134 Fas
155 2086 188 2132 sit
198 2081 264 2132 adire
279 2086 349 2141 vito,
369 2084 469 2132 comites
480 2077 631 2144 famulosque
643 2079 755 2128 removit.

91 2158 152 2210 lude
164 2195 172 2220 ‚
188 2159 271 2209 sedent
282 2160 344 2209 solio
356 2161 445 2210 Tereus
456 2158 563 2206 sublimis
574 2159 657 2216 avito,
814 2171 861 2222 eqo

88 2240 221 2297 Vestitum
240 2242 313 2304 inque
329 2240 395 2286 suam
413 2239 453 2285 sue
463 2238 551 2286 viscera
568 2236 677 2300 congerit
687 2233 777 2284 alvum.

90 2319 220 2384 Tantaque
232 2333 281 2366 nox
292 2318 366 2366 animi
381 2315 430 2365 est!
444 2315 498 2376 ltyn
508 2317 555 2364 huc
568 2317 691 2372 arcessite,
708 2311 778 2362 dixit.

90 2397 252 2447 Dissimulare
262 2397 346 2461 nequit
357 2392 462 2443 crudelia
478 2391 564 2458 gaudia
574 2393 663 2440 Procne
673 2407 681 2450 ἢ

90 2475 193 2541 Jamque
205 2476 251 2523 sure
263 2476 359 2538 cupiens
374 2471 479 2522 exsistere
494 2473 580 2518 nuncio
592 2467 665 2518 cladis
678 2486 687 2528 ¹,

90 2553 158 2604 Intus
176 2553 265 2610 habes,
280 2549 347 2618 quod
362 2552 438 2616 poscis
450 2584 458 2607 ‚
470 2551 511 2600 ait.
524 2547 694 2613 Circumspicit
707 2547 766 2607 ille,
813 2557 856 2608 σς,
915 2565 917 2570 ’

90 2635 170 2698 Atque
182 2631 283 2687 ubisit,
300 2632 392 2695 quaerit.
411 2628 541 2688 Quaerenti,
557 2630 692 2694 iterumque
702 2629 809 2688 vocanti,

92 2712 159 2759 Sicut
176 2723 246 2767 erat,
262 2708 343 2772 sparsis
360 2707 438 2755 furiali
457 2703 641 2770 caedecapillit,
696 2771 699 2774 Ι

92 2788 219 2847 Prosilit,
232 2787 345 2851 Ityosque
359 2799 430 2850 caput
447 2783 582 2833 Philomela
596 2797 722 2832 truentum

92 2868 163 2917 Misit
174 2869 199 2914 in
211 2881 255 2914 ota
270 2867 357 2929 patris:
368 2880 411 2913 nec
423 2877 530 2926 tempore
541 2861 626 2909 maluit
637 2860 689 2910 ullo

91 2941 161 3002 Pofft
179 2945 266 3018 loqui,
285 2947 308 2996 δι
319 2945 409 2998 metitis
422 2941 498 2997 testati
509 2937 595 3011 gaudia
605 2937 682 2994 diliis.
813 2944 862 2984 ⁶60
873 2902 876 2908 Ι
