1980 3714
229 259 293 330 30²
367 232 412 306 P.
436 231 591 302 ouznrr
608 231 807 300 NAsonrs

175 362 323 419 640Muneta
333 374 389 408 cum
399 353 493 423 liquido
503 356 600 419 capiunt
611 339 723 404 Cerealia
736 350 842 401 Baccho.

221 439 286 488 Tum
296 440 350 503 pius
365 435 478 486 Anchises
491 451 497 482 t
509 433 544 482 0!
560 433 646 482 Phoebi
666 429 725 479 leste
743 424 869 484 sacerdos,

220 515 322 568 Pallori
342 529 373 564 an
386 517 411 562 δι
424 527 520 564 nanim,
532 509 588 559 crim
599 507 704 575 primum
712 508 763 556 bac
771 505 861 554 moenia
869 498 927 558 ridi,

219 593 305 659 Bisque
323 590 381 641 duas
396 605 479 644 natas,
495 602 613 654 quantum
625 585 785 637 reminiscor,
800 580 918 630 habebut

219 670 282 720 Huic
298 670 388 729 Anius,
406 671 479 718 niveis
489 662 636 716 circumdata
647 676 758 726 tempora
769 661 838 709 vittis

173 747 385 806 ‘siConcutieus‚
402 749 427 794 ds
439 743 525 802 tristis,
538 746 572 792 ait
583 741 657 791 :Non
667 739 773 796 felleris,
785 739 856 784 heros

221 825 328 874 Maxime
341 838 467 873 :natorum
482 817 564 872 vidisti·
576 821 683 885 quinque
697 829 831 881 parentem.

222 901 301 962 Quem
309 918 389 962 nunc,
401 915 467 950 canta
476 901 585 948 homines
592 912 671 946 rerum
681 893 840 944 inconstantia
847 884 927 939 versari

222 979 291 1028 Paene
305 977 373 1029 vides
382 979 469 1027 orbum
478 973 550 1042 :quid
560 977 627 1024 enim
633 975 693 1022 mihi
704 969 769 1020 filius
780 971 861 1018 absens

221 1057 326 1106 Auxilii?
336 1073 409 1122 quem
427 1053 489 1104 diua
499 1055 542 1102 suo
554 1051 584 1102 de
595 1053 693 1102 nomine
702 1047 773 1098 tellus

173 1151 221 1203 650
228 1133 316 1184 Andros
324 1135 410 1191 habet,
421 1150 468 1201 pro
477 1146 542 1198 patre
554 1131 683 1195 locumque
693 1131 718 1176 dc
726 1141 800 1193 tegna
807 1137 925 1174 tenentem.

130 1241 133 1250 ·
221 1211 304 1261 Delius
315 1215 440 1277 augurium
457 1207 524 1260 dedit
538 1211 594 1257 huic
606 1226 612 1256 :
624 1205 695 1256 dedit
708 1203 783 1254 altera
793 1203 864 1252 Liber

219 1291 337 1340 feminee
349 1291 407 1339 sorti
417 1303 477 1339 voto
488 1290 581 1352 majora
590 1282 685 1350 fideque

218 1367 337 1418 Munera:
348 1384 405 1416 narn
420 1367 482 1416 tadiu
493 1379 602 1414 natarum
613 1363 697 1412 cunda
711 1374 820 1410 mearum

218 1446 247 1494 ln
263 1447 366 1510 segetem
379 1479 389 1506 ,
404 1444 547 1508 laticemque
559 1443 635 1500 meri,
648 1441 792 1504 baccamque
804 1435 912 1484 Minerva

171 1517 460 1572 ‘lirransformabantur
472 1538 478 1568 ι
491 1518 605 1584 divesque
617 1531 666 1567 erat
683 1518 737 1565 usus
748 1513 841 1564 inillis.

219 1598 273 1648 Hoc
292 1598 332 1646 ubi
347 1601 463 1662 cognorit
474 1631 482 1656 ,
500 1597 581 1664 Trojae
592 1595 733 1661 populator,
744 1591 857 1652 Atrides,

219 1675 256 1724 Ne
274 1691 324 1728 nou
334 1691 362 1722 ex
376 1674 457 1740 aliqua
470 1674 572 1724 vestram
585 1669 680 1722 sensiffe
692 1671 825 1738 procellam

218 1752 270 1802 Nos
286 1769 382 1820 quoque
399 1767 464 1818 parte
478 1766 569 1817 putes,
585 1767 705 1801 armorum
717 1751 806 1801 viribus
817 1749 888 1809 usus,

219 1831 336 1882 Abstralrit
347 1834 436 1882 inritas·
444 1832 536 1896 gremio
547 1833 660 1894 genitoris
672 1847 679 1878 t
690 1829 803 1894 aiuntque
881 1825 899 1840 '¹

171 1909 324 1974 csolmperat
341 1908 478 1974 Argolicam
495 1907 585 1956 coelesti
599 1913 697 1956 munere
710 1905 817 1957 classem.

218 1983 344 2052 Effugiunt
353 2003 403 2054 quo
414 2002 513 2052 queque
527 1985 611 2050 potest.
622 1985 713 2034 Euboea
724 1983 833 2046 duabus,

218 2064 249 2114 Et
264 2063 367 2114 totidem
381 2067 442 2114 natis
453 2062 546 2112 Andros
557 2063 659 2113 fraterna
671 2065 744 2128 petita
755 2063 795 2112 est.
859 2058 863 2062 ’

217 2141 289 2190 Miles
306 2140 370 2190 adest
381 2161 389 2200 ς
401 2145 426 2190 δι
435 2176 445 2201 ,
455 2144 482 2191 ni
492 2139 608 2191 dedantur
620 2175 628 2202 ‚
647 2141 710 2190 bella
719 2144 837 2190 minatur·

216 2219 285 2268 Visia
296 2235 361 2268 metu
376 2221 450 2284 pietas
461 2221 581 2268 consortia
589 2222 682 2284 pedore
694 2234 770 2283 poenae

169 2294 305 2354 seruent:
318 2300 342 2346 δι
354 2311 381 2345 ut
397 2293 483 2346 timido
495 2301 568 2362 possis
580 2299 700 2362 ignoscere
716 2296 799 2358 fratri,

217 2373 274 2422 Non
291 2375 329 2423 hic
345 2373 448 2435 AEneas,
466 2389 537 2435 non,
555 2379 596 2440 qui
613 2373 754 2425 defenderet·
766 2372 865 2425 Andron
877 2409 890 2435 r

217 2450 304 2499 Hesior
313 2466 378 2510 erar3
391 2469 432 2517 per
442 2469 502 2518 quos
513 2450 633 2502 decimum
643 2450 739 2526 dutailir
748 2457 774 2502 in
783 2470 882 2504 annum.

215 2529 315 2595 Jamque
327 2531 468 2594 parabantur
485 2534 584 2596 captivis
600 2532 680 2582 vincla
695 2530 803 2582 lacertis:

215 2605 265 2655 lllae
284 2605 395 2656 tollentes
414 2609 548 2658 etiamnum
566 2609 641 2659 libera
659 2597 723 2661 coelo

169 2683 334 2746 cyoBrachiat
348 2685 440 2736 Bacche
458 2702 539 2753 pater,
558 2687 592 2737 ser
610 2705 698 2754 opem,
718 2687 814 2739 dixere:
827 2689 923 2756 tulitque

215 2761 324 2812 Muneris
339 2766 420 2815 audior
438 2782 510 2832 opem
519 2784 525 2814 t
534 2769 553 2814 si
568 2768 631 2816 miro
641 2765 738 2832 perdere
749 2784 817 2816 more

215 2838 283 2887 ferre
294 2855 394 2890 vocatur
404 2859 483 2908 opem.
497 2843 547 2892 Nec
559 2843 708 2910 quitatione
720 2844 822 2910 figuram

215 2914 379 2980 Perdiderint,
390 2924 459 2985 potui
469 2923 528 2972 scire
536 2955 548 2977 ,
558 2935 599 2971 aut
606 2937 669 2971 nunc
679 2920 755 2973 dicere
762 2925 862 2989 possim.
