2036 3714
208 249 272 313 218
353 243 392 311 P.
424 243 577 310 Ournrr
601 241 799 310 NAsorurs

154 371 300 422 ⁷90Femina
310 381 385 432 nuper
396 381 460 424 eras,
473 380 530 428 puer
542 379 573 420 es.
586 363 648 426 Date
660 379 760 414 munera
769 361 886 430 templirr

203 449 255 500 Nec
271 445 357 496 timidi
367 440 467 509 gaudete
479 439 535 491 fide.
548 441 615 490 Dant
629 457 728 490 munera
739 441 848 506 templis.

203 524 302 576 Addunt
314 528 339 574 δι
355 521 454 572 titulum
466 539 473 570 ι
483 519 566 570 titulus
573 520 644 570 breve
656 536 753 570 carmen
768 521 896 570 habebare

235 604 308 653 Dona
319 617 376 667 puer
387 599 473 659 solvit,
488 615 541 665 quae
555 598 645 649 femina
659 612 758 649 voverat
769 631 779 658 ,
792 597 873 662 lphis.

202 680 298 730 Postera
308 679 348 728 lux
359 677 430 728 radiis
440 677 516 728 latum
526 675 671 742 patefecerat
678 677 763 726 orbem
775 707 786 736 ,

154 759 269 812 795Ctim
285 758 367 809 Venus
378 761 402 807 ot
418 752 480 806 luno
492 789 501 816 ,
513 755 637 821 sociosque
649 754 795 816 Hymenaeus
803 751 836 803 ad
848 755 922 820 ignes,

129 857 133 864 ·
203 837 360 890 Conveniunt
370 853 378 894 ς
388 836 527 900 potiturque
545 832 587 882 fui
600 849 658 898 puer
672 833 736 898 Iphis
747 832 844 882 Ianthe.

203 939 934 1036 mminmwn

275 1079 279 1086 ⁴
377 1133 614 1204 trnnn
652 1135 705 1201 r.

201 1243 262 1362 L
271 1328 307 1363 nn
319 1327 361 1378 per
370 1311 530 1370 immensum,
542 1325 628 1360 croceo
638 1308 731 1360 teletus
742 1311 829 1360 amiliu
843 1301 866 1368 ,'

200 1389 261 1440 Ae'ra
272 1387 420 1456 digreditur,
438 1389 608 1454 Ciconumque
623 1387 767 1451 Hymenaeus
780 1387 812 1437 ad
827 1405 890 1438 oran

201 1465 291 1518 Tendit
300 1485 308 1527 ι
327 1472 352 1518 δι
363 1466 460 1532 Orphei
469 1469 629 1532 nequicquam
639 1483 699 1516 voce
708 1481 820 1531 rogatur.
963 1453 965 1462 ¹

200 1541 285 1594 Adfuit
302 1545 344 1594 ille
355 1543 454 1610 quidem
468 1563 475 1594 r
486 1541 529 1594 sed
540 1561 584 1594 nec
595 1543 721 1596 sollemnia
730 1545 820 1606 verba,

170 1633 181 1678 5
201 1621 251 1672 Nec
263 1622 423 1673 letos-vultus
436 1655 444 1681 ‚
457 1638 501 1671 nec
514 1621 572 1671 felix
584 1622 665 1672 attulit
675 1638 758 1672 omen.

200 1701 249 1750 Fax
266 1715 362 1767 quoque
375 1733 384 1760 ,
395 1715 469 1765 quern
481 1696 577 1760 tenuit,
592 1700 727 1764 lacrymoso
739 1698 838 1750 stridula
855 1702 935 1753 fumo

200 1777 282 1846 Usque
298 1779 360 1833 fuit,
377 1776 504 1844 nullosque
518 1777 609 1827 invinit
619 1778 725 1827 motibus
737 1781 815 1844 ignes.

200 1856 283 1906 Exitus
300 1858 405 1922 auspicio
415 1858 526 1922 graviore
540 1871 597 1904 nem
604 1871 679 1920 nupta
689 1872 730 1921 per
742 1857 827 1906 herbas

199 1933 268 1988 Dum
285 1951 367 1991 nove,
388 1931 511 1984 Naiadum
522 1932 592 1982 curbi
603 1936 735 1993 comitata,
754 1949 879 1998 vagatur,

154 2028 184 2063 ro
200 2011 320 2073 Decidit,
334 2015 361 2062 in
376 2011 451 2063 talum
466 2013 579 2076 serpentis
595 2010 667 2060 dente
682 2027 788 2076 recepto.
963 2063 971 2076 ,

200 2091 280 2152 Quam
297 2094 351 2142 satis
362 2089 392 2141 ad
404 2093 496 2156 superas
514 2090 566 2154 post
577 2087 652 2157 quim
665 2088 822 2154 Rhodopeius
832 2106 909 2143 auras

199 2167 306 2218 Deflevit
323 2181 404 2226 retest
415 2183 445 2216 ne
456 2183 506 2217 non
518 2171 655 2232 tentaret&
666 2169 778 2228 umbras,

199 2243 239 2296 Ad
251 2247 323 2312 Styga
334 2245 443 2294 Taenarii
452 2245 485 2294 est
496 2246 564 2294 aufus
575 2243 717 2296 descendere
732 2245 813 2311 porti.

200 2322 291 2390 Perque
301 2323 363 2377 leves
373 2321 492 2387 populos,
507 2323 679 2390 simulacraque
691 2324 772 2374 funiia
787 2326 929 2392 sepulcris,

100 2451 106 2458 ,
156 2413 180 2461 ις
200 2398 365 2464 Persephonen
376 2397 455 2455 adiit.
471 2403 640 2467 inamoenaque
650 2419 723 2467 regna
739 2418 867 2454 tenentem

200 2473 347 2528 Umbrarum
358 2475 485 2526 dominum
497 2496 503 2526 ι
514 2479 632 2544 pulsisque
643 2477 674 2528 ad
687 2483 795 2529 carmina
804 2487 906 2545 nervis,

200 2555 239 2603 Sic
251 2556 294 2604 ait.
313 2553 350 2604 ot
367 2557 439 2618 positi
449 2556 492 2604 iub
508 2556 570 2604 terri
581 2559 679 2606 nunnna
689 2557 794 2615 mundi,

200 2631 230 2680 ln
250 2647 322 2697 quem
330 2629 463 2682 recidimus
476 2631 591 2698 quicquid
602 2634 704 2684 mortale
717 2651 849 2696 creamur3

201 2709 225 2756 Si
243 2708 315 2769 licet,
335 2693 384 2768 &5
396 2707 450 2757 falsi
461 2711 543 2774 positis
553 2710 692 2776 ambagibus
703 2716 769 2773 oris,

153 2802 184 2834 to
201 2784 263 2834 Vera
280 2785 348 2852 loqui
362 2789 454 2846 sinitiss
466 2789 572 2850 nonhuc
583 2823 591 2844 ‚
604 2804 631 2839 ut
646 2805 720 2854 opaca
730 2790 842 2844 viderem

202 2863 317 2923 Tartara,
335 2862 458 2924 descendi3
470 2882 514 2916 nec
524 2869 560 2919 uti
570 2867 656 2916 villosa
666 2868 773 2920 colubris

203 2941 281 2992 Terna
298 2939 412 2992 Medusci
421 2945 536 2997 vincirem
545 2959 643 3010 guttura
653 2946 763 2998 monstri.
