2036 3714
282 280 353 344 266
426 271 470 342 P.
497 273 654 343 Ortntt
670 273 862 344 NAsorurs

279 393 373 447 Crescit
384 431 392 456 ‚
403 399 429 446 bt
441 393 527 446 auditis
539 393 631 461 aliquid
642 413 719 447 nonus
727 396 812 464 adjicit
822 402 902 450 audior.

277 473 330 522 illic
345 471 498 534 Credulitas,
514 473 565 524 illic
579 477 716 526 temerarius
731 476 821 538 Error,

227 557 258 595 σο
275 551 390 618 Vanaque
401 552 495 602 Laetitia
506 553 557 610 est,
570 549 763 620 consternatique
775 543 881 604 Timores
891 590 901 616 ,

275 627 415 696 Seditioque
423 647 520 690 retent,
531 628 657 698 dubioque
667 634 762 682 austore
771 634 871 683 Susurri.

274 709 327 774 Ipsa
338 708 431 776 quidin
441 708 505 759 coelo
515 725 612 770 rerum,
625 709 759 777 pelagoque
769 725 882 776 geratur,
904 718 907 725 “

273 788 305 840 Et
319 788 404 842 tellure
416 824 425 850 ,
443 785 528 850 vider,
548 801 675 856 tutumque
685 792 786 856 inquirit
797 793 826 842 in
836 792 920 842 orbern.

305 951 402 1000 Fecerat
412 951 462 1000 hee
475 961 580 1009 notum,
594 949 678 1013 Graias
689 965 747 1001 cunt
757 949 839 1002 milite
850 951 904 1001 forti

224 1030 240 1069 6
242 1037 251 1083 5
274 1027 405 1079 Adventare
416 1043 477 1078 tates
489 1047 495 1076 r
507 1045 585 1094 neque
596 1029 765 1093 inexspeuarus
775 1031 803 1078 in
814 1033 885 1079 arnus

272 1108 350 1160 Hostis
369 1106 447 1158 adest=
458 1108 587 1172 prohibent
596 1105 681 1166 aditu,
693 1107 798 1174 litusque
813 1123 905 1158 tuentur

271 1189 345 1238 Tro'e's
357 1206 364 1236 ι
378 1190 402 1236 δι
419 1183 536 1236 Heiiureai
545 1189 635 1251 primus
646 1183 751 1236 fataliter
766 1186 853 1247 hasta,

269 1263 415 1326 Protesilai,
436 1261 501 1316 cadis
513 1282 519 1312 e
532 1261 705 1331 commiffaque
716 1263 804 1331 prtelia
816 1279 903 1330 magno

269 1347 338 1395 Stant
353 1344 443 1394 Danais
454 1361 461 1392 ε
474 1343 590 1411 fortiaque
600 1345 686 1394 anim
697 1359 754 1395 nete
765 1347 881 1407 cognitus
891 1342 965 1391 iieiinr.

220 1431 251 1474 70
269 1421 320 1472 Nec
332 1423 434 1487 Phryges
445 1424 549 1486 exiguo,
569 1418 628 1486 quid
639 1420 730 1472 Achaia
739 1417 841 1470 dextera
851 1418 921 1487 puiset
926 1455 933 1481 ,

267 1501 385 1566 Sanguine
396 1501 525 1550 senserunt.
538 1499 569 1548 Et
579 1504 627 1564 jam
641 1501 716 1565 Sigata
730 1500 852 1551 rubebant

266 1579 423 1644 Litoraejarn
432 1577 500 1636 leto,
516 1577 596 1642 proles
611 1575 749 1643 Neptunia,
766 1576 876 1644 Cygnus'

266 1657 337 1708 Mille
347 1659 411 1706 viros
423 1653 522 1724 dederat
534 1660 599 1721 rj2nr
611 1671 680 1704 curru
688 1655 791 1705 instabat
802 1657 922 1712 Achilles,

220 1757 251 1803 74
267 1737 378 1804 Truaque
396 1733 495 1782 Peliaca
511 1733 628 1784 sternebat
641 1731 744 1800 cuspidis
755 1737 805 1784 inu

266 1816 456 1880 Agminazperq3
468 1815 529 1862 acies
540 1825 581 1860 aut
589 1811 704 1878 Cygnum
713 1811 972 1880 auriieiioraquaereur,

267 1889 432 1958 Congredirur
441 1891 531 1959 Cygno
544 1909 550 1938 z
561 1889 684 1940 decimum
700 1890 828 1944 dilatus'in
843 1911 930 1945 annum

265 1971 355 2022 Hester
365 1985 423 2023 erat.
439 1969 503 2018 Tum·
519 1969 584 2018 coila
595 1974 654 2038 jugo
666 1969 794 2022 candentia
806 1970 899 2037 preffos

264 2049 408 2099 Exhortatus
423 2065 496 2114 equos
509 2083 517 2108 ‚
535 2063 631 2097 currum
642 2047 730 2100 direxit
741 2053 767 2100 in
777 2051 894 2110 hostem

264 2127 460 2192 Concutiensque
472 2129 517 2175 suis
528 2128 647 2176 vibrantia
660 2126 707 2176 teia
718 2127 832 2188 lacertis,

216 2217 246 2261 80
265 2206 377 2272 Quisquis
394 2221 433 2264 es,
449 2203 466 2253 ὃ
478 2205 484 2253 i
496 2207 603 2270 juvenis,
616 2205 701 2254 solatia
713 2209 799 2256 mortis
810 2208 904 2258 habeto
916 2241 925 2268 ‚

262 2283 350 2344 Dixit,
363 2284 392 2332 ab
404 2283 532 2332 Haemonio
543 2281 611 2350 quod
624 2285 654 2341 sir
666 2281 787 2349 jugulatus
798 2286 912 2336 Aehiiie.

261 2363 379 2414 Hastenus
396 2360 504 2410 AEacides
516 2380 521 2408 :
533 2377 620 2411 vocem
632 2365 709 2427 gravis
719 2362 784 2413 haiia
799 2364 887 2414 secuta
901 2365 942 2417 est.

262 2440 323 2501 Sed,
341 2457 487 2512 quamquam
497 2439 562 2489 certi
572 2441 652 2488 nulius
665 2440 712 2489 fuit
722 2457 789 2490 error
798 2445 826 2492 in
839 2443 923 2502 hasta,

241 2576 245 2586 Ι
261 2519 305 2568 Nil
325 2533 406 2569 tamen
421 2520 500 2566 emisti
513 2518 617 2582 profecit
627 2521 736 2568 acumine
749 2519 818 2572 ferri.

213 2609 241 2674 ες
261 2595 342 2662 thue
353 2597 434 2645 hebeti
443 2598 522 2660 pebius
533 2595 705 2646 tantummodo
718 2597 835 2648 contudit
848 2601 899 2650 istu
909 2619 919 2660 3

260 2675 323 2726 Nate
333 2675 403 2730 Det,
414 2687 474 2723 'nam
486 2689 509 2723 ee
520 2673 586 2723 fami
597 2677 775 2739 praenovimus,
793 2679 883 2743 inquit

260 2755 305 2804 iile
316 2789 325 2815 ‚
337 2752 396 2822 quid
406 2771 420 2803 a
429 2753 498 2802 nobis
509 2753 596 2802 vulnus
606 2756 699 2804 mitaris
709 2750 787 2804 abelse
799 2758 808 2802 i

258 2832 392 2883 Mirabatur
401 2835 475 2882 enirn.
489 2829 547 2880 Non
559 2833 627 2892 haee,
639 2847 713 2897 quarn
724 2835 820 2892 cernis,
837 2836 937 2899 equinis

259 2912 277 2960 F
279 2911 334 2961 ulva
350 2912 412 2977 jubis
426 2911 495 2960 cassis
508 2943 515 2970 ,
527 2925 604 2976 neque
614 2925 675 2958 onus
686 2925 743 2959 cava
753 2926 839 2975 parma
854 2913 953 2962 sinistre

210 3011 242 3056 ,ο
258 2989 354 3039 Auxilio
365 2991 425 3039 mibi
436 2990 490 3038 sunt
501 3005 508 3037 t
518 2985 590 3044 detur
598 2987 631 3041 est
640 2991 752 3054 quatitur
763 2989 868 3038 abistis.
