2036 3714
211 239 283 326 236
354 230 398 304 P.
420 236 577 318 Orrnrr
593 235 795 304 Naroma

209 359 335 424 Tergaque
348 359 464 423 jadantur
473 359 549 406 crines
558 373 599 421 per
607 357 725 410 eburnea,
741 369 848 421 quaeque

208 437 343 501 Popliribur
354 436 464 484 suberant
476 437 538 499 pilio
549 433 658 498 genualia
669 435 762 490 limbo;
848 497 852 503 Ι

208 515 284 580 Inque
294 513 395 580 puellari
408 529 493 578 corpus
506 512 608 562 candore
619 513 732 562 ruborem

164 593 334 656 575Traxerat.
350 587 421 640 Haud
432 589 515 650 aliter,
526 589 601 657 quim
612 590 668 639 cuim
679 591 750 655 super
760 592 823 639 arria
835 587 915 639 velum

209 667 322 720 Candida
337 683 481 734 purpureum
494 667 615 717 simulatas
625 667 704 716 inlicit
714 669 824 716 umbras.

209 746 277 796 Dum
285 761 356 796 norat
365 749 415 795 bac
425 747 525 811 hospes,
538 744 634 795 decursa
643 749 777 797 novissima
790 761 860 796 mera
870 746 914 798 este

209 823 242 874 Et
252 827 340 890 tegitur
351 823 408 873 festi
417 825 499 875 vidrix
509 823 621 874 Atalanta
631 821 731 873 coroni.

209 901 277 952 Dant
287 904 404 968 gemitum
413 903 469 952 viui
475 935 484 962 ,
496 899 650 968 penduntque
662 917 689 950 ex
700 897 794 950 scedere
803 914 899 966 pinnas.

164 995 210 1031 eoo
243 979 301 1029 Non
310 993 391 1029 tamen
402 993 488 1028 eventu
499 983 614 1045 juvenum
625 967 751 1028 deterritus
763 983 875 1040 horum,

211 1057 326 1108 Constitit
340 1059 366 1106 in
383 1055 483 1115 medio;
500 1057 617 1123 vultuque
627 1059 652 1106 'm
662 1059 757 1122 virgine
769 1055 840 1116 rino,

211 1133 277 1196 Quid
293 1135 389 1185 facilem
399 1135 497 1185 ticulum
509 1133 639 1200 superando
653 1137 738 1200 queris
750 1133 860 1184 inertes!

211 1213 310 1262 Mecum
320 1212 423 1274 confer,
442 1216 490 1262 ait:
502 1215 541 1262 ieu
551 1229 590 1262 me
598 1211 695 1262 fortuna
706 1226 838 1278 potentem

212 1289 303 1340 Fecerit
315 1324 323 1349 ,
342 1307 355 1340 a
367 1303 435 1340 canto
445 1307 495 1341 non
507 1289 660 1356 indignabere
667 1293 742 1340 vinci.

165 1366 323 1440 505Narnque
335 1370 395 1417 mihi
406 1371 500 1435 genitor
509 1369 651 1434 Megareus,
664 1367 809 1417 Onchestius
821 1367 880 1428 illip

212 1445 252 1493 Eli
261 1445 386 1510 Neptunus
398 1459 455 1496 avus
465 1465 471 1494 :
485 1459 603 1511 pronepos
613 1461 662 1511 ego
670 1449 736 1510 regis·
743 1461 877 1511 aquarum.

213 1522 263 1571 Nec
273 1525 348 1572 virtus
363 1517 426 1570 citra*
434 1539 506 1586 genus
518 1524 550 1572 est
559 1542 567 1572 r
577 1523 617 1572 feu
626 1525 729 1582 vincar,
742 1525 844 1572 habebis
854 1540 866 1584 ¹,

212 1598 363 1662 Hippomene
374 1603 451 1658 visto,
465 1617 579 1666 magnum
591 1605 616 1650 &
627 1603 786 1650 memorabile
798 1619 900 1653 nomen.

214 1675 284 1724 Talia
297 1673 417 1724 dicentem
429 1677 499 1726 molli
511 1681 636 1730 Schoeoe'ia
646 1680 716 1730 vultu

167 1754 320 1818 arorlspicit:
333 1757 358 1802 &
369 1753 479 1814 dubitat,
493 1757 594 1820 superari
606 1773 636 1805 an
647 1760 743 1807 vincere
754 1757 837 1808 malit.

214 1833 292 1896 Atque
305 1835 339 1880 ira
349 1867 358 1891 ,
369 1833 428 1893 Quis
435 1833 573 1883 Doushunc
579 1833 705 1891 formosis,
719 1839 822 1902 inquit,
838 1841 932 1906 iniquus

214 1907 314 1958 Perdere
330 1911 401 1960 vulti
415 1927 520 1976 caraeque
535 1912 601 1976 jubet
614 1909 751 1961 discrimine
762 1917 821 1964 vitae

215 1985 366 2054 Coniugium
381 2004 459 2053 petere
470 1991 536 2038 hoc?
552 1987 612 2038 Non
621 1991 674 2038 suna
683 2024 691 2052 ,
701 1990 833 2057 mejudrce
846 2029 854 2052 ‚
867 1997 933 2045 tanti.

215 2065 267 2114 Nec
285 2065 364 2116 formi
373 2081 456 2131 tangor
466 2085 472 2116 r
481 2082 591 2134 poteram
600 2081 684 2118 tamen
693 2071 737 2118 hac
747 2085 849 2138 quoque
860 2075 932 2136 tangi»
999 2099 1000 2156 p

166 2139 248 2204 (reida
258 2141 325 2208 quod
333 2141 412 2192 adbuc
418 2157 476 2207 puer
486 2143 519 2192 est
530 2162 535 2192 :
546 2159 642 2193 nonme
652 2161 735 2194 movet
743 2148 804 2210 ipse,
812 2147 856 2198 sed
869 2165 931 2202 etas.
999 2163 1000 2184 ³

79 2247 81 2252 f
169 2217 284 2280 ⁶¹⁶Quid
294 2223 303 2268 i
314 2218 380 2285 quod
390 2220 448 2272 inest
459 2225 534 2270 virtus
546 2255 554 2281 ‚
566 2225 592 2271 bc
604 2238 669 2272 mens
679 2226 790 2273 interrita
801 2225 856 2275 leti.

216 2297 282 2358 Quid
294 2301 302 2348 ξ
314 2297 380 2365 quod
389 2299 419 2348 ab
431 2298 540 2363 aequorei
555 2315 692 2349 numeratur
702 2305 797 2366 origine
808 2318 916 2368 quartur.

182 2381 184 2391 ¹
216 2375 283 2436 Quid
293 2378 303 2425 i
313 2375 379 2441 quod
387 2391 468 2437 amat,
485 2381 593 2442 tantique
603 2393 671 2442 putat
680 2377 804 2428 connubia
814 2381 908 2442 nostra,

218 2453 251 2503 Ut
270 2468 350 2518 pereat
361 2487 371 2512 ,
381 2458 400 2502 ai
411 2471 450 2502 me
461 2456 517 2504 Fora
532 2455 572 2502 'rili
583 2453 642 2504 dura
651 2455 755 2520 negirir.

169 2531 282 2590 520Durn
290 2531 355 2589 licet,
363 2532 456 2595 hospes,
464 2532 690 2598 abi3ehalamoaque
697 2533 808 2599 relinque
815 2552 932 2588 cruentos.

216 2608 368 2674 Coniugium
380 2607 475 2658 crudele
483 2627 567 2658 meum
576 2610 621 2658 est:
631 2611 777 2660 tibinubere·
785 2612 857 2662 nulla

216 2687 292 2736 Nolet
305 2706 311 2736 r
323 2689 347 2737 bt
363 2690 440 2752 optari
451 2703 518 2752 poree
530 2703 543 2736 a
554 2687 755 2752 sapiente-puelia.

218 2763 270 2814 Cur
281 2779 360 2814 tamen
371 2765 405 2813 eil
413 2768 541 2814 mihicuea
550 2768 602 2825 tui,
619 2779 656 2814 tot
665 2769 714 2830 jam
726 2773 917 2830 ante-peremtis!

219 2839 328 2890 Viderit:
341 2844 454 2892 intereat:
464 2847 581 2908 quoniam
595 2840 707 2892 toecaede
722 2859 855 2907 protorum

170 2918 363 2991 625bdmuuirus
370 2937 420 2970 non
427 2921 476 2981 *sti
488 2923 611 2992 agiturque
621 2924 647 2972 in
658 2918 728 2980 cedia
738 2923 810 2976 uiue
