2056 3706
141 237 570 304 Mnrnnonrrrorton
596 231 633 300 1„
656 233 706 302 ΙΙ.
739 255 791 320 47'

61 357 134 415 Tota
144 372 228 406 tamen
237 371 308 422 quare
318 359 327 406 i
345 371 410 421 parer
420 355 454 404 est
464 357 524 404 mihi
533 370 620 420 nempe
631 353 750 405 biformis.

68 435 142 484 Talia
153 433 242 484 dicenti
251 451 304 500 pars
314 435 346 483 est
356 450 462 484 extrema
474 433 578 500 querele·
791 453 835 508 ⁶⁶5

69 512 194 562 Inteliesia
209 529 293 579 parum
304 547 313 574 ,
326 513 473 579 confusaque
483 515 556 563 verba
567 513 642 562 suere.

71 591 134 640 Mox
143 607 186 640 nec
201 592 273 642 verba
284 590 398 658 quidem,
414 607 459 641 nec
469 607 537 658 equae
548 593 620 640 sonus
630 589 671 640 ille
680 589 790 650 videtur,

71 666 118 717 Sed
130 669 264 720 simulantis
282 687 387 736 equam:
399 687 522 736 parvoque
536 672 562 718 in
579 685 687 734 tempore
698 685 775 720 certos

71 743 156 797 Edidit
163 751 286 808 hinnitus,
301 754 326 798 δι
342 750 439 798 brachia
450 751 529 798 movit
542 751 569 798 in
581 749 674 797 herbas.
696 789 700 794 .

71 825 137 875 Tum
151 824 223 892 digiti
240 833 345 886 eo'e'unt,
360 831 385 875 δι
399 831 486 892 quinos
500 826 586 892 alligat
602 843 691 892 ungues
795 821 854 888 ‘70'

71 904 190 970 Perpetuo
200 921 277 954 cornu
288 906 347 954 levis
358 907 445 972 ungula
454 925 460 954 :
469 907 553 956 crescit
564 909 590 956 dc
600 909 648 954 oris
660 939 670 966 ,

72 980 103 1031 Et
121 983 181 1032 colli
191 985 308 1049 spatiume
318 983 396 1049 iongae
407 1001 459 1048 pare
470 985 555 1034 ultima
564 984 635 1049 palia

75 1059 161 1110 Cruda
172 1060 201 1110 fit
213 1079 220 1110 t
232 1076 307 1126 utque
322 1065 378 1111 vani
389 1066 464 1112 crines
475 1079 517 1126 per
527 1061 592 1111 colia
603 1063 731 1126 jacebant,

75 1137 106 1186 In
127 1137 223 1188 dextras
239 1140 318 1186 abiere
329 1139 395 1202 iubar
406 1157 414 1188 t
424 1143 558 1204 pariterque
574 1154 664 1188 novata
677 1139 710 1187 est

79 1215 112 1266 Et
129 1232 180 1266 vox
198 1221 224 1265 δι
240 1215 324 1264 saciet:
333 1232 423 1265 nomen
433 1233 529 1283 quoque
542 1216 647 1266 monstra
657 1213 751 1266 dedite.
802 1234 846 1284 ⁶75

117 1375 216 1436 Flebat,
232 1392 353 1442 opemque
363 1389 429 1426 tuam
441 1375 524 1426 frustra
536 1376 670 1440 Philyreius
679 1377 766 1436 heros,

80 1451 218 1518 Delphice,
236 1456 349 1520 poscebat
359 1473 365 1504 e
377 1452 419 1504 sed
428 1471 472 1504 nec
482 1454 614 1505 rescindere
624 1457 711 1521 'magni

79 1528 145 1580 luffa
156 1531 221 1582 iovis
233 1549 342 1598 poterat:
354 1551 415 1592 nec,
428 1537 446 1582 si
457 1533 590 1584 rescindere
599 1532 690 1600 posses.

80 1609 152 1658 Tunc
169 1609 259 1661 aderas.
278 1611 334 1661 Elin
347 1609 509 1680 Messeniaque
523 1629 580 1663 arva
592 1613 698 1663 colebas.

79 1687 148 1738 Illud
162 1705 213 1739 erat
226 1681 333 1755 tempus,
349 1707 398 1758 quo
415 1706 438 1740 te
453 1692 554 1756 pastoria
567 1691 636 1757 peliis

79 1767 172 1826 Texit,
190 1780 298 1833 onusque
313 1769 360 1818 suit
370 1770 483 1818 baculum
496 1770 601 1820 silvestre
612 1770 727 1830 sinisir23

80 1845 207 1904 Alterius,
219 1843 298 1913 diflr
308 1848 407 1910 septenis
417 1846 494 1895 fistula
508 1851 599 1896 cannis.

75 1923 202 1990 'Dumque
214 1941 284 1973 amor
301 1923 334 1972 est
349 1939 428 1980 curte,
446 1921 506 1972 dum
518 1939 591 1972 tetua
601 1924 678 1974 sistuir
686 1925 793 1984 mulcet·‚

80 1997 241 2052 incustodita
257 2001 338 2064 Pylios
351 2016 519 2050 memorantur
530 2003 556 2050 in
570 2005 640 2068 egros

80 2077 227 2128 Processiise
243 2081 324 2130 boves·
343 2077 418 2129 Videt
431 2081 472 2128 has
488 2077 611 2130 Atlantide
620 2079 690 2147 Maji
810 2072 853 2138 ⁶⁸5

80 2157 179 2215 Natus5
199 2162 224 2208 δι
240 2173 290 2208 arte
301 2157 342 2207 sui
355 2159 421 2209 silvis
430 2157 538 2208 occultat
547 2159 647 2208 abatiae.

80 2240 197 2288 Senserat
207 2239 255 2286 hoe
266 2237 358 2286 furtum
369 2253 441 2286 nemo
451 2271 460 2296 ‚
474 2239 519 2286 nisi
530 2253 600 2288 notus
612 2240 637 2288 in
648 2237 694 2289 ilio

81 2317 149 2366 Rure
161 2317 234 2366 senex
247 2335 253 2365 :
266 2315 361 2365 Battum
370 2317 456 2364 vicinia
468 2331 518 2366 rota
529 2317 659 2367 vocabant.

81 2397 179 2446 Divitis
197 2397 237 2445 hic
252 2394 322 2444 saltus
334 2395 480 2460 herbosaque
490 2395 577 2460 pascua
586 2393 657 2444 Nelei
669 2429 678 2456 ,

83 2475 268 2540 Nobiliumque
280 2489 360 2538 greges
378 2472 454 2522 custos
468 2473 575 2522 servabat
592 2489 716 2539 equarum.
811 2477 859 2528 6⁴9⁰

83 2555 160 2606 Hunc
180 2555 284 2606 timuit,
297 2549 433 2617 blandique
447 2567 519 2600 manu
534 2549 645 2600 seduxit:
658 2555 698 2612 δι,
715 2551 777 2609 Eia,

84 2635 207 2700 Quisquis
224 2647 263 2690 es,
278 2631 379 2694 hospes,
397 2632 445 2690 ait,
458 2632 478 2678 ei
495 2629 558 2678 sorte
573 2643 681 2680 armenta
691 2633 796 2696 requiret

85 2713 146 2764 Haec
164 2711 255 2776 aliquis
266 2727 273 2758 r
283 2705 502 2774 vidiffenegaeneu
513 2711 590 2774 gratia
601 2707 664 2760 fauo

86 2791 169 2842 Nulla
182 2785 344 2854 rependetur,
356 2784 456 2836 nitidam
468 2803 524 2852 cepe
535 2789 634 2851 premia
644 2801 752 2837 vaccent.

87 2869 122 2918 Et
146 2865 225 2916 dedit.
243 2865 348 2931 Accepti
360 2880 430 2915 voces
440 2867 481 2914 hes
498 2861 605 2914 reddidit
615 2865 716 2929 hospere
817 2867 860 2916 ⁶95

90 2949 174 3000 Tutus
189 2961 227 2995 ear
237 2961 243 2992 e
254 2943 314 3010 lapis
324 2943 367 2993 iste
382 2946 444 3009 prius
459 2957 500 2992 rua
510 2941 574 2992 furta
585 2943 708 3008 loquatur.
