2056 3706
213 292 257 354 62
340 279 385 348 P.
425 278 588 346 Orruit
622 275 820 342 Nxsoxro

244 407 343 458 Talibus
354 407 461 472 ignaram
472 401 534 450 luno
546 395 682 448 Cadmeida
693 394 760 444 ditus

211 487 337 538 Formirat
346 503 352 532 ι
361 497 429 548 rogat
439 480 481 529 illa
493 479 579 528 lovem
591 477 639 524 sine
657 475 754 522 nomine
765 485 861 518 munus.

212 567 260 618 Cui
279 565 360 620 Deus,
376 557 464 624 Elige,
480 561 514 608 ait
529 554 638 604 enullam
650 555 737 618 patiere
749 548 877 612 repulsam.

166 643 316 709 290Qudque
326 643 402 705 magis
412 635 492 688 credas
504 672 513 696 ,
525 637 601 699 Stygii
612 648 707 699 quoque
719 630 814 677 conscia
825 629 902 672 sunto

213 723 319 772 Numina
332 720 443 770 torrentis
456 735 461 764 :
473 716 559 764 Timor
571 717 594 762 δι
607 712 671 760 Deus
682 710 724 758 ille
737 707 855 756 Deorum.

212 801 277 850 Laeta
293 798 375 857 malo,
387 799 537 862 nimiumque
549 807 649 858 potens,
660 791 810 853 perituraque
826 781 937 831 amantis

213 878 336 942 Obsequio
346 874 436 926 Semele
445 891 452 933 3
462 871 564 932 Qualem
576 869 700 925 Saturnia,
712 863 789 922 dixit,

213 957 249 1004 Te
266 956 327 1004 solet
337 952 465 1018 ampleili,
477 949 575 998 Veneris
588 946 645 995 crint
661 941 739 994 fredus
750 942 829 998 initis,

166 1033 251 1096 295Da
269 1034 329 1082 mihi
337 1048 360 1081 te
371 1031 453 1080 talem.
472 1028 559 1078 Voluit
569 1025 634 1074 Deus
644 1041 687 1072 ora
697 1021 816 1086 loquentis

213 1111 372 1176 Opprimete,
388 1110 475 1166 exierat
490 1109 538 1170 jam
549 1121 596 1152 vox
611 1115 736 1166 properata
750 1099 791 1146 sub
804 1111 883 1144 auras.

213 1189 333 1254 Ingemuit
343 1207 349 1236 t
361 1189 512 1256 nequeenim
524 1199 574 1232 non
582 1184 632 1230 haec
640 1175 730 1244 optaile
738 1210 746 1235 ‚
754 1191 830 1240 neque
842 1173 887 1222 ille

213 1268 271 1317 Non
282 1265 367 1332 jurass'e
375 1265 460 1330 potest.
474 1263 537 1328 Ergo
548 1259 705 1309 maestissimus
717 1254 792 1304 altum

214 1345 311 1394 AEthera
321 1343 472 1399 conscendit3
485 1355 592 1404 nutuque
602 1337 722 1402 sequentia
730 1335 801 1382 traxit

169 1423 321 1480 300Nubila:
334 1420 388 1488 quit
398 1421 507 1477 nimbos,
521 1419 676 1480 immixtaque
688 1411 783 1476 fulgura
794 1409 875 1458 ventis

214 1499 331 1560 Addidit,
348 1505 373 1550 ὃ(
385 1501 503 1550 tonitrus,
515 1499 539 1544 δι
550 1492 688 1542 inevitabile
698 1489 798 1540 fulmen.

214 1578 269 1638 Qud
287 1594 367 1628 tamen
379 1593 451 1642 usque
465 1571 557 1639 potest,
574 1574 634 1620 vires
645 1571 688 1618 sibi
700 1567 795 1618 demere
807 1578 884 1614 tentet
896 1580 907 1636 e

213 1656 283 1714 Nec,
295 1675 346 1722 quo
361 1656 524 1706 centimanum
535 1647 653 1716 deiecerat
663 1651 717 1712 igne
728 1646 857 1710 Typhoea,

214 1735 286 1783 Nunc
297 1749 401 1785 armatur
412 1750 441 1780 eo
451 1750 457 1778 ι
469 1733 572 1780 nimium
584 1727 685 1790 feritatit
697 1728 722 1773 in
731 1724 785 1772 illo.

169 1813 254 1866 205ssst
271 1809 335 1862 aliud
345 1813 420 1860 levius
431 1808 538 1866 fulmen3
552 1809 590 1856 cui
603 1803 685 1854 dextra
694 1801 834 1866 Cyclopum

214 1893 315 1942 Saviriae
326 1925 334 1948 ,
347 1889 497 1953 flammaque
505 1889 599 1943 minue,
612 1887 689 1932 minue
699 1917 710 1941 ,
719 1877 813 1930 addidit
824 1881 865 1926 irae

215 1967 275 2018 Teia
289 1965 390 2018 secunda
398 1981 487 2016 vocant
497 1967 591 2030 Superi:
602 1965 665 2026 capit
676 1960 735 2017 illas
746 1956 902 2023 domumque

214 2046 291 2096 luerat
307 2049 463 2111 Agenoream.
477 2043 571 2106 Corpus
582 2039 684 2088 mortale
694 2037 809 2087 tumultus

215 2123 273 2172 Non
289 2124 344 2172 tulit
362 2125 489 2178 aethereos,
503 2117 618 2183 donisque
631 2117 747 2182 jugalibus
760 2117 825 2164 arsit.

169 2201 368 2266 3¹01mperfetius
378 2197 455 2247 adhuc
465 2198 544 2246 infans
552 2198 671 2262 genitricis
683 2195 713 2242 ab
723 2194 779 2242 alvo

215 2280 336 2342 Eripirur,
348 2277 472 2341 patrioque
485 2290 567 2328 tener,
579 2275 597 2320 si
610 2271 704 2322 eredere
715 2271 813 2336 dignum
825 2309 837 2332 „

215 2355 317 2406 insuitur
328 2354 429 2416 femori,
441 2368 593 2418 maternaque
605 2366 713 2416 tempora
724 2334 843 2415 complet.

215 2431 307 2480 Furtim
321 2431 391 2480 illum
404 2434 486 2496 primis
498 2430 541 2478 luo
553 2444 678 2478 matertera
689 2431 754 2477 cuuis

215 2507 308 2558 Educat
317 2528 323 2556 ε
331 2507 387 2556 iude
401 2507 484 2556 datum
497 2506 616 2572 Nymphae
627 2503 736 2555 Niseides
748 2507 826 2554 antrie

170 2587 348 2644 3150cculuere
361 2588 422 2640 suis,
439 2585 551 2652 laeiisque
564 2585 678 2636 alimenta
689 2581 784 2634 dedire.

249 2745 363 2812 Dumque
374 2761 400 2794 ea
408 2761 448 2810 per
458 2759 529 2794 terras
540 2743 606 2798 fatali
617 2741 668 2808 lege
680 2756 815 2808 geruntur,

217 2823 327 2888 Tutaque
344 2823 379 2870 bit
394 2825 467 2888 geniti
484 2824 538 2886 surt
551 2820 694 2870 incunabula
707 2821 794 2870 Bacchi
807 2837 815 2882 3

217 2899 288 2949 Forte
298 2900 381 2948 lovem
394 2915 544 2962 memorant,
555 2897 668 2948 diffusum
679 2901 784 2953 nediare,
798 2917 865 2950 curae

217 2974 347 3046 Sequsuilse
358 2995 452 3044 graues,
466 2977 586 3044 vacuique
597 2971 693 3046 agitaffe
706 2974 814 3028 remilsos
