2056 3706
237 251 284 314 24
309 225 351 294 P.
378 224 584 292 Oyrnrr
613 197 854 290 Nasonis

185 346 277 410 685111e
299 364 379 398 tamen
391 361 480 413 pugnat
492 345 578 394 molles
594 345 700 393 evincere
712 344 825 392 somnos:

233 427 264 477 Et
277 463 284 486 ,
302 429 410 492 quamvis
428 427 499 490 sopor
510 423 543 474 est
554 423 682 472 oculorum
700 436 765 487 parte
777 433 902 485 receptus,

231 501 300 554 Parte
313 519 393 553 tamen
403 503 499 569 vigilat:
512 505 596 570 quaerit
606 517 719 567 quoque,
732 515 835 564 namque
847 513 941 564 reperta

231 583 319 632 Fistula
330 597 405 646 nuper
416 597 479 643 erat,
491 581 538 648 quai
550 582 681 630 siccatione
695 593 796 643 reperta.

263 739 328 790 Tum
342 741 423 798 Deus,
439 738 545 790 Arcadiae
556 738 640 805 gelidis
652 741 677 789 in
689 738 827 798 montibus,
838 738 936 803 inquit,
1013 781 1014 784 ,

181 817 294 877 lyolntet
314 818 492 882 Hamadryadas
503 819 656 868 celeberrima
667 817 816 866 Nonacrinas
997 825 1000 832 ·

230 897 304 946 Naias
322 915 369 947 una
381 897 427 947 fuit
439 917 445 946 t
457 897 576 962 Nymphae
589 899 688 960 Syringa
703 896 831 944 vocabant.
1013 959 1014 966 ἵ

229 975 287 1024 Non
302 975 374 1023 semel
389 979 413 1024 δι
431 977 526 1036 Satyros
538 973 638 1022 eluserat
652 972 694 1020 illa
705 973 847 1037 sequentes,
946 1005 949 1011 .

228 1053 260 1103 Et
277 1069 440 1120 quoscumque
455 1053 520 1101 Deos
530 1053 670 1100 umbrosave
681 1049 756 1106 silva,
770 1048 864 1098 feraxve

228 1133 276 1180 lius
294 1133 374 1181 habet.
393 1131 519 1196 Ortygiam
533 1127 630 1188 studiis,
645 1127 742 1193 ipsique
753 1125 847 1175 colebat

179 1205 372 1274 69iVirginitate
391 1209 478 1258 Deam.
497 1209 554 1256 Ritu
565 1223 660 1273 quoque
671 1207 746 1252 cinsia
757 1203 841 1252 Dianae

226 1287 342 1336 falleret.
365 1285 466 1336 &credi
482 1285 560 1350 pollet
570 1287 691 1342 Latonia;
712 1286 731 1332 si
744 1298 795 1332 non

225 1363 335 1414 Corueus
349 1366 404 1414 huic
422 1379 506 1422 arcus,
525 1366 604 1411 sinon
615 1362 679 1410 foret
689 1377 770 1418 aureus
780 1359 829 1409 illi.

225 1443 263 1490 Sic
278 1458 374 1508 quoque
393 1441 500 1490 saliebat.
519 1438 668 1490 Redeuntem
686 1440 749 1490 colle
764 1437 844 1502 Lycio

225 1519 274 1568 Pan
290 1518 357 1570 videt
370 1523 446 1573 hanc,
466 1523 571 1585 pinuque
587 1533 657 1584 caput
672 1519 808 1584 praecinsius
822 1515 907 1578 acuti,

175 1596 295 1646 700Talia
310 1599 382 1646 verba
391 1597 479 1648 refert:
491 1598 592 1646 restabat
605 1599 677 1648 verba
684 1597 771 1645 referre
780 1630 788 1650 ‚

223 1673 273 1732 Et,
291 1676 398 1739 precibus
414 1677 511 1740 spretis,
527 1671 611 1739 fugisse
627 1692 668 1740 per
684 1678 737 1724 avia
747 1674 905 1739 Nympham,

223 1751 308 1802 Donec
320 1757 411 1802 arenosi
424 1752 546 1818 placidum
557 1753 659 1803 badonis
670 1751 700 1802 ad
709 1769 804 1802 amnem

222 1830 339 1880 Venerit:
352 1831 409 1892 hic,
425 1832 462 1881 illi
475 1834 570 1882 cursum
585 1831 770 1897 impedientibus
785 1829 871 1892 undis,

222 1907 257 1956 Ut
275 1911 297 1956 se
312 1915 448 1971 niutareut,
463 1909 566 1977 liquidas
580 1907 654 1959 orasse
666 1913 771 1966 sorores3

157 1987 351 2052 '705Panaque,
369 1993 424 2038 cum
442 1992 550 2052 prensam
561 1989 605 2036 sibi
616 1991 665 2052 jam
675 1989 772 2052 Syringa
783 2001 891 2051 putaret,

221 2063 331 2128 Corpore
344 2081 389 2127 pto
409 2065 529 2130 Nymphae
539 2081 625 2114 cannas
636 2052 734 2114 tenuisse
743 2066 852 2130 palustres
863 2083 871 2124 3
937 2091 938 2094 =

219 2140 334 2204 Dumque
354 2143 387 2188 ibi
405 2143 522 2206 suspirat,
538 2158 618 2193 motos
634 2147 659 2193 in
673 2143 787 2194 arundine
801 2160 886 2194 ventos

218 2215 329 2265 Effeciffe
339 2219 424 2266 sonum
436 2234 547 2278 tenuem,
567 2223 717 2288 similemque
734 2226 841 2289 querenti
852 2241 860 2280 3

218 2293 274 2342 Arte
295 2294 374 2354 novi,
392 2300 505 2362 vocisque
521 2297 600 2348 Deum
618 2298 745 2350 dulcedine
759 2317 876 2366 captum,

169 2371 271 2434 7rolloc
286 2377 346 2422 mihi
357 2374 508 2440 colloquium
519 2392 597 2426 recum
610 2412 618 2435 ‚
633 2375 732 2438 dixiss'e,
748 2381 874 2436 manebit3

216 2451 294 2514 Atque
305 2454 354 2510 ita,
368 2451 497 2516 disparibus
508 2455 605 2504 calamis
620 2459 761 2520 compagine
776 2471 835 2506 cerae

216 2525 281 2575 lnrer
293 2530 316 2576 se
337 2531 441 2592 juncus,
457 2547 546 2581 nomen
560 2531 658 2581 renuisse
672 2535 767 2598 puella.

215 2592 285 2654 Talia
301 2604 404 2655 disiurus
415 2606 477 2657 vidit
487 2609 612 2671 Cyllenius
622 2629 706 2660 ornnes

214 2682 365 2733 Succubuiil'e
375 2684 479 2746 oculos,
499 2686 660 2755 adopertaque
675 2690 767 2740 lumina
785 2693 882 2744 somno.

163 2770 193 2817 7¹
200 2762 344 2826 ssupprimit
354 2764 475 2828 extemplo
485 2782 570 2814 vocem
583 2784 590 2818 e
602 2765 728 2834 firmatque
743 2771 871 2834 soporem,

212 2838 335 2906 Languida
350 2844 497 2907 permulcens
512 2843 631 2896 medicati
645 2847 737 2896 lumina
747 2847 824 2913 vir'gi.

212 2917 265 2970 Nec
279 2935 349 2970 mora
360 2919 467 2974 :falcato
481 2937 607 2976 nunntem
617 2924 727 2979 vulnerat
737 2927 809 2989 cnse,

874 3009 930 3072 Qui
