2078 3708
248 336 970 412 scemmssssdsswv

382 473 621 563 rrnnn
681 489 802 560 Vrn

243 603 301 728 Ji
312 685 332 720 ne
339 684 410 728 Qun
428 669 517 719 fretum
527 669 616 732 Minyae
627 665 735 732 Pagasaei
745 682 824 732 puppe
833 667 970 726 secabant,

243 749 405 815 Perpetuique
425 751 518 798 trahens
530 750 629 812 inopem
638 746 680 793 sub
693 747 762 792 node
772 746 896 796 senecioni

243 827 345 876 Phineus
355 828 418 876 visus
434 840 500 882 erst3
517 829 660 890 juvenesque
678 823 799 888 Aquilone
811 825 891 870 creati

242 905 366 969 Virgineus
379 905 487 954 volucres
499 904 578 952 miseri
595 903 654 950 senis
665 917 706 948 ore
718 898 846 964 fugiraut:

212 981 223 1027 5
243 983 367 1048 Multaque
377 985 479 1047 perpessi
491 1015 499 1040 ,
511 981 576 1030 claro
593 981 635 1028 sub
646 980 726 1028 Iasone
737 975 838 1027 tandem
866 1023 880 1040 Ι

230 1058 403 1125 ¹Contigerant
418 1057 510 1124 rapidas
523 1058 604 1107 limosi
615 1055 728 1106 Phasidos
740 1054 825 1106 undas.

241 1137 355 1204 Dumque
369 1135 458 1188 adeunt
471 1154 566 1202 regern,
581 1136 687 1198 Phrynia
722 1154 733 1184 e
744 1135 833 1184 vellera
839 1136 947 1198 poscunt
958 1169 968 1194 ,

242 1215 337 1282 Lexque
353 1215 423 1266 datur
436 1220 539 1264 numeris
547 1152 818 1278 magnoruquorrcnda
829 1213 946 1262 laborum
958 1230 967 1270 ς

242 1292 358 1358 Concipit
371 1297 460 1344 interea
469 1291 561 1342 validos
572 1291 659 1340 AEetins
670 1294 752 1356 ignes:

198 1372 225 1404 ¹0
243 1369 273 1418 Et
290 1371 376 1420 luctata
390 1370 446 1430 diu,
460 1371 512 1436 post
520 1370 594 1436 quim
606 1373 699 1420 ratione
709 1368 815 1418 furorem

241 1449 343 1497 Vincere
364 1466 413 1498 non
426 1465 519 1514 poterat
529 1466 537 1507 ;
548 1449 653 1506 frustra,
664 1445 751 1496 Medio
760 1481 769 1506 ,
779 1461 900 1511 repugnas
911 1463 919 1506 3

240 1523 329 1574 Nescio
336 1530 389 1591 quis
400 1526 464 1574 Deus
472 1526 565 1588 obstat,
577 1530 626 1576 ait:
637 1527 789 1590 mirumque,
800 1528 847 1573 nisi
858 1527 908 1572 hoc
918 1524 964 1584 est,

240 1602 289 1652 Aut
306 1602 397 1668 aliquid
412 1602 474 1653 certi
489 1603 567 1654 simile
583 1606 657 1663 huic,
671 1602 738 1670 quod
746 1620 824 1652 amare
835 1619 951 1652 vocatur.

241 1681 305 1730 Nam
321 1698 363 1730 cur
377 1678 437 1747 juffa
447 1686 519 1748 patris
529 1683 633 1732 nimium
643 1685 703 1730 mihi
711 1679 895 1730 durauidenrur
908 1684 917 1728 i

195 1767 220 1813 ¹5
241 1759 300 1808 Sunt
310 1773 405 1826 quoque
411 1758 470 1808 dura
476 1759 619 1819 nimiecur,
627 1777 698 1826 quern
707 1757 782 1808 modo
788 1757 893 1826 denique
900 1756 953 1808 vidi

240 1835 279 1886 Ne
293 1853 389 1902 pereat,
408 1840 498 1887 timeo?
515 1837 573 1900 Quae
587 1841 645 1888 tanti
657 1839 724 1904 cauis
735 1841 847 1886 timoris?

240 1913 331 1970 Excute
345 1917 452 1981 virgineo
470 1931 597 1981 conceptas
610 1919 703 1982 pestere
720 1915 847 1978 flammas,

240 1995 264 2042 si
278 2010 362 2060 potes,
374 1995 466 2044 infelix.
477 1998 501 2046 Si
511 1993 617 2060 possem,
629 1997 706 2047 sanior
718 1992 800 2044 effem.

240 2071 287 2122 Sed
307 2075 379 2134 craiut
388 2076 488 2124 invitam
498 2090 561 2122 nova
570 2076 606 2120 vis
615 2090 623 2130 ς
634 2071 747 2138 aliudque
758 2071 857 2138 Cupido
869 2105 879 2133 ,

193 2164 223 2196 no
240 2150 310 2199 Mens
320 2149 385 2202 aliud
397 2150 486 2201 suadet.
502 2149 580 2200 Video
590 2150 708 2211 rneiiora,
720 2153 844 2216 proboque
857 2171 864 2200 e

239 2227 365 2276 Deteriora
376 2229 469 2294 sequor.
482 2229 548 2289 Quid
564 2233 592 2278 in
600 2231 709 2294 hospite,
725 2232 789 2294 regia
799 2233 869 2295 virgo
879 2263 890 2284 .

239 2303 334 2354 Urerisi
352 2309 377 2354 &
393 2305 509 2356 thalamos
523 2306 594 2356 alieni
609 2311 713 2372 concipis
723 2311 805 2358 orbis?

239 2381 448 2452 Haecquoq31erra
460 2385 545 2449 potest,
554 2383 698 2452 quodrmes,
707 2385 847 2436 dare.Vivat
857 2421 865 2446 ,
876 2387 959 2436 aniiie

239 2459 357 2521 Occidet,
372 2465 398 2510 in
408 2461 452 2510 Dis
463 2463 495 2512 est
508 2466 588 2512 :vivat
600 2465 694 2513 tamen!
712 2463 784 2530 idque
797 2468 891 2530 precari

191 2547 218 2593 25
240 2536 283 2584 Vel
300 2540 349 2586 sine
360 2555 440 2587 amore
452 2540 517 2589 licet.
529 2539 594 2602 Quid
607 2545 671 2591 enim
682 2545 804 2592 commisit
813 2543 882 2590 Iason
895 2547 906 2592 ἰ

239 2611 318 2672 Quam
328 2647 336 2673 ‚
357 2617 401 2662 nisi
411 2613 533 2666 crudelem
542 2651 550 2677 ‚
559 2635 608 2668 non
617 2634 697 2684 tangat
706 2620 794 2668 Iasonis
802 2635 859 2670 aetas
868 2655 877 2680 ‚

238 2689 269 2738 Et
285 2707 375 2754 genus,
387 2695 412 2742 δι
423 2696 514 2744 virtus?
526 2711 599 2761 quem
613 2714 677 2757 oon,
686 2713 712 2747 ut
723 2714 801 2748 cetera
811 2697 911 2756 desint,

237 2768 323 2818 Forma
336 2787 432 2820 movere
447 2771 540 2836 potest?
558 2773 620 2822 cert&
638 2792 691 2824 mea
703 2777 796 2840 pedore
809 2781 900 2828 movit.

238 2847 283 2900 At.
302 2850 347 2896 nisi
358 2865 429 2912 opem
441 2849 536 2908 tulero,
549 2865 670 2900 taurorum
681 2853 799 2904 afflabitur
810 2873 867 2916 ore3

191 2949 220 2993 30
238 2922 417 2992 Consurretque
428 2929 474 2978 suae
487 2929 574 2992 segeti,
590 2929 674 2979 tellure
684 2933 767 2980 crearis
