2078 3708
52 267 491 340 Mernnonrrosron
504 269 543 338 L.
565 267 667 340 VIII.
693 293 754 358 ¹7¹.

24 389 207 459 Turbatusque
221 395 300 452 novi,
315 390 438 457 respondit
451 423 459 451 ,
479 394 584 457 imagine
599 391 673 444 fauit

24 465 64 518 Di
87 485 112 519 te
123 471 285 520 submoveant
295 503 304 530 ,
314 467 346 520 ni
366 471 440 520 nostri
450 469 551 520 infamia
559 469 615 520 secli
625 501 633 531 ,

25 548 102 596 Orbe
117 548 177 598 suo!
197 548 315 613 tellusque
328 549 372 596 tibi
383 563 519 613 pontusque
529 549 661 613 negentur!

25 623 110 676 Certe
126 641 174 691 ego
190 642 241 676 oon
253 627 328 691 patiar
340 657 348 684 ,
364 625 430 674 lovis
441 627 603 686 incunabula,
619 625 729 689 Creten,

25 703 96 764 Quae
107 719 178 753 meus
192 704 224 753 esi
233 705 299 752 orbis
312 737 320 763 ,
332 718 427 754 tantum
438 707 578 769 contingere
586 705 728 758 monstrum.
767 719 810 752 100

63 782 142 848 Dixit
152 799 160 830 t
172 785 196 830 et
211 815 220 839 ,
236 795 263 830 ut
280 781 343 846 leges
356 785 431 846 ceptis
441 782 580 847 justissimus
590 785 672 834 ιιιιᾶοι

26 859 155 910 Hostibus
174 861 311 924 imposuit,
327 859 407 910 elassis
417 860 549 912 retinacula
560 859 622 912 solvi

27 938 109 989 lussit
120 955 129 997 ς
142 942 169 988 δι
186 949 268 988 tratas
278 936 375 1002 impelli
383 941 473 1002 remige·
487 953 585 1003 puppes.

27 1015 119 1079 Scylla
131 1050 141 1076 ,
155 1015 219 1064 freto
228 1015 282 1080 post
291 1013 366 1081 qulm
381 1014 492 1066 deduffls
502 1033 558 1066 nete
569 1017 679 1077 carinas}

27 1091 89 1145 Nec
108 1093 220 1159 praellare
236 1090 325 1142 ducem
340 1093 435 1144 sceleris
453 1095 497 1144 tibi
511 1094 701 1159 premiaviditt
766 1101 808 1150 ¹05

27 1173 183 1224 Consumtis
194 1172 302 1236 precibus
311 1171 446 1222 violentam
457 1175 541 1222 transit
551 1175 576 1220 in
585 1175 664 1232 nam,

27 1248 218 1316 intendensque
236 1265 321 1299 manus
333 1284 342 1309 ,
356 1253 429 1314 pastis
448 1247 577 1298 furibunda
590 1251 698 1316 capillis,

28 1328 94 1390 Qus>
113 1327 201 1394 fugis,
223 1328 358 1386 exclamet,
369 1330 513 1376 meritorum
523 1328 728 1391 aunoretelisli,
784 1392 789 1400 .

28 1409 71 1457 Ol
87 1411 175 1473 patrie
185 1407 283 1472 praelnte
298 1422 373 1464 mee,
386 1406 483 1470 praelate
493 1409 585 1470 parenti
596 1410 605 1456 i

30 1485 94 1547 Quo
111 1486 177 1551 fugis
189 1519 197 1544 ,
209 1487 331 1535 immitis?
344 1487 411 1548 cujus
421 1486 519 1533 visionis
531 1484 638 1535 nostrum
768 1495 812 1526 1¹0

28 1567 64 1616 Et
77 1565 175 1624 scelus,
186 1568 211 1614 nt
221 1565 335 1611 meritum
346 1561 392 1610 elle
401 1578 445 1610 nec
457 1577 480 1610 te
491 1559 653 1613 detumunera
662 1597 670 1622 ,
680 1579 725 1615 net
736 1577 760 1614 te

28 1645 126 1696 Noster
138 1646 218 1694 movit
235 1657 319 1698 amott
330 1657 374 1690 nee
390 1637 458 1705 quod
469 1641 519 1705 spes
528 1643 607 1690 omnis
618 1643 644 1690 in
655 1658 730 1690 unurn

28 1727 70 1774 Te
87 1739 146 1772 mea
163 1721 275 1786 congesta
289 1719 321 1768 est
333 1723 341 1768 i
354 1718 418 1768 Nam
429 1718 478 1784 quo
489 1717 707 1770 desertarevcrttI?

27 1805 60 1853 ln
74 1804 205 1869 patriam?
224 1802 331 1865 superata
341 1801 410 1862 jacet.
424 1794 470 1844 Sed
481 1795 543 1860 linge
560 1813 671 1854 maneret

28 1880 182 1930 Proditione
194 1878 247 1926 nei
264 1876 343 1925 clausa
352 1876 384 1923 est
396 1877 465 1922 mihi.
478 1875 553 1922 Patris
566 1873 596 1924 nd
606 1878 666 1924 orni
767 1885 809 1934 ¹¹5

29 1960 97 2020 Qun
113 1959 161 2007 tibi
172 1954 260 2005 donavi
273 1973 279 2002 ι
292 1956 354 2003 cives
365 1950 437 2000 odere
447 1965 593 2000 metentem:

28 2039 148 2086 finitimi
167 2033 304 2097 exemplum
323 2044 443 2078 metuunt.
459 2029 624 2078 obstruximus
637 2029 722 2078 orbem

29 2117 171 2164 Terrarum
188 2113 274 2168 nobis,
293 2124 320 2158 ut
337 2107 409 2158 Crete
427 2107 478 2156 sola
497 2121 596 2172 pateret.

29 2195 88 2245 Hac
101 2207 203 2266 quoque
213 2194 245 2240 sit
258 2191 384 2255 prohlbes?
393 2191 426 2238 sic
436 2205 480 2236 not
492 2223 499 2247 ,
511 2191 602 2252 ingrate
609 2221 618 2248 ‚
629 2187 760 2256 relinquis?

28 2274 96 2323 Non
114 2274 219 2337 genitrix
233 2269 329 2332 Europa
349 2268 392 2316 tibi
402 2301 416 2324 ,.
429 2265 472 2326 sel,
484 2269 603 2332 inhospita
621 2269 718 2330 Syrtis,v
764 2287 810 2318 120
866 2262 876 2280 ¹

28 2353 191 2402 Armeniaete
201 2351 287 2412 tigres,
300 2345 407 2395 austrove
424 2345 512 2409 agititn
522 2343 668 2407 Charybdis.

28 2431 89 2480 Nee
108 2429 171 2478 love
187 2441 213 2475 tu
228 2439 313 2475 natus:
326 2439 370 2472 nec
381 2439 458 2472 mater
467 2426 571 2486 imagine
584 2427 645 2472 tauri

27 2509 116 2557 Dusta
128 2521 171 2554 tun
187 2505 219 2553 est
231 2523 237 2551 ι
252 2505 343 2567 generis
354 2500 413 2550 salsa
424 2501 457 2550 eli
467 2517 494 2548 ea
504 2499 584 2548 sabula
593 2501 673 2553 veliti.

27 2587 63 2636 Et
89 2584 156 2632 ferus
167 2617 175 2638 .
195 2586 219 2631 δι
230 2596 312 2645 captus
323 2579 412 2628 nulllus
423 2595 504 2628 amore
515 2581 619 2642 juvence
629 2615 640 2636 ,

29 2665 84 2723 Qui
104 2677 130 2711 te
151 2663 300 2725 progenuit,
321 2673 400 2707 taurus
411 2656 466 2705 suit.
479 2657 553 2720 Exige
564 2673 646 2720 peenas
659 2691 667 2716 ‚
757 2668 806 2714 '¹25

28 2743 95 2792 Nise
113 2754 183 2804 pater
194 2735 310 2802 :gaudete
323 2733 480 2784 nullimodis
491 2733 587 2798 prodita
601 2734 704 2790 nostris,

28 2820 135 2870 Moenia
147 2835 154 2864 t
167 2831 225 2865 nam
236 2814 312 2864 fateor
322 2847 331 2868 ‚
342 2815 435 2871 metui,
448 2815 473 2860 &
485 2813 537 2860 sum
555 2809 628 2874 dignu
641 2817 725 2876 perire.

28 2899 77 2947 Me
97 2911 184 2948 tamen
195 2911 223 2942 ex
233 2893 282 2942 illis
288 2891 375 2957 aliquis
386 2923 395 2950 ,
408 2905 468 2954 quos
479 2891 553 2952 impia
563 2888 629 2942 lessi,

29 2977 78 3025 Me
97 2976 205 3041 perimat
217 2989 225 3023 s
235 2987 290 3025 cur.
304 2973 346 3036 qui
359 2969 436 3021 ticilli
445 2969 545 3016 erimine
555 2965 655 3027 nostro,
670 3013 672 3018 ,
695 3018 699 3026 ,

598 3043 622 3096 ιι
634 3049 651 3112 ij
