2036 3714
187 238 259 298 260
331 227 374 298 P.
400 229 553 298 omn
571 230 769 296 NAroitts

187 349 253 400 Tum
270 349 331 400 leno
347 351 503 411 incumbens,
520 349 577 400 fletu
591 353 660 416 super
670 365 714 401 ora
723 346 825 402 refusos

186 427 244 478 Haec
257 431 299 477 ait.
314 429 429 494 Agnoscis
442 427 539 491 Cdyca,
557 430 689 476 miserrima
702 429 807 491 conjux?

186 504 224 554 Ao
234 522 288 556 mea
296 520 388 558 mutata
398 505 431 554 cli
441 505 512 555 saties
522 509 595 554 nece?
606 507 704 570 Respice
717 523 723 552 z
734 505 842 560 nosces,

141 581 359 648 ctolnvenieeque,
381 596 424 632 tuo
437 599 482 648 pro
492 587 612 650 conjuge,
623 585 732 648 conjugis
750 582 880 630 umbram.

189 660 232 710 Nil
246 663 298 725 opis
310 694 318 715 .
333 659 477 722 Halcyone,
490 660 560 710 nobis
571 674 611 710 tua
621 674 679 710 vota
689 659 814 708 tulerunt:

189 735 329 807 Occidimua
340 756 347 786 a
358 738 423 790 falsa
433 739 478 788 tibi
487 755 527 788 me
538 741 676 804 promittere
687 737 749 786 noli.

190 816 294 866 Nubilus
311 817 393 882 AEgreo
409 815 536 882 deprendit
551 820 577 866 in
589 832 683 880 aequore
693 816 778 862 navim

191 894 286 956 Auster,
304 899 329 946 δι
341 897 552 960 ingentijaslatani
564 892 661 944 flamine
671 892 761 950 solvit3

141 972 284 1038 6650raque
299 972 391 1032 nostra,
404 986 472 1022 tuum
489 972 618 1020 clamantia
629 985 739 1028 nomen,

192 1050 325 1116 implerunt
339 1041 431 1098 liutius.
444 1049 502 1098 Non
512 1051 563 1098 lraec
575 1050 618 1098 tibi
630 1049 730 1096 nunciat
739 1047 825 1095 audior

192 1129 324 1192 Ambiguur
336 1145 343 1175 z
354 1143 404 1176 non
419 1126 462 1175 isia
475 1129 541 1190 vagia
559 1126 694 1176 tumoribus
707 1121 794 1174 audis:

192 1205 243 1269 lpse
254 1220 300 1270 ego
309 1203 359 1254 sata
368 1204 413 1254 tibi
425 1205 524 1268 presens
542 1219 595 1256 mea
605 1201 732 1266 naufragus
742 1199 804 1250 edo.

147 1269 155 1282 ”
194 1285 281 1348 Surge.
292 1298 335 1346 age
347 1301 353 1332 ε
365 1281 397 1332 da
410 1282 542 1344 lacrymas,
553 1281 708 1346 lugubriaque
719 1277 864 1328 indueznec
876 1293 917 1327 me

146 1359 375 1426 67olndeploratum
384 1361 427 1410 sub
437 1362 516 1410 inania
531 1359 630 1410 Tartara
641 1361 720 1408 mitte,

195 1437 285 1503 Adjicit
296 1441 332 1488 his
342 1455 428 1488 vocem
443 1439 592 1503 Morpheus,
606 1453 680 1502 quam
695 1438 806 1501 conjugis
819 1433 868 1485 illa

196 1515 312 1566 Crederet
326 1514 372 1564 eise
384 1518 427 1564 sui.
440 1515 520 1566 Fletus
529 1531 625 1582 quoque
636 1511 736 1564 fundere
744 1531 815 1564 veros

196 1595 266 1642 Visus
283 1607 332 1642 erat
344 1612 350 1642 r
363 1593 501 1658 gestumque
511 1609 595 1642 manua
613 1591 700 1655 Ciycis
710 1592 840 1641 habebant.

197 1669 301 1736 Ingemit
315 1671 439 1732 Halcyone
450 1671 600 1732 lacrymans,
615 1685 740 1734 motaeque
750 1669 856 1719 lacertos

150 1749 241 1809 675Pet
252 1750 363 1798 somnum
374 1764 380 1796 ι
393 1763 526 1813 corpusque
537 1763 636 1813 petent,
649 1747 801 1813 amplcslitur
811 1763 901 1804 attraay

197 1827 368 1892 Exclamatque
380 1859 388 1885 ‚
401 1823 474 1874 Mane
487 1844 493 1874 t
505 1825 555 1892 quo
566 1840 589 1875 te
597 1829 675 1890 rapit?
688 1827 776 1875 ibimus
787 1823 848 1873 uni.

197 1905 266 1954 Voce
276 1906 311 1954 sui
322 1906 445 1970 specieque
454 1906 500 1954 viri
511 1905 624 1959 turbata,
636 1905 747 1970 soporem

198 1983 309 2032 Excutit:
320 1985 344 2031 &
354 1981 449 2048 primo,
464 1984 484 2030 ti
492 1985 537 2041 ait,
551 1984 714 2046 circumspicit
724 1982 789 2036 illic,

200 2059 249 2120 Qui
258 2057 334 2109 modo
344 2061 407 2109 visus
417 2074 479 2109 erat:
488 2073 543 2109 nani
550 2093 560 2114 1,
573 2063 635 2108 moti
644 2077 718 2118 voce,
732 2060 830 2108 ministri

152 2133 334 2188 tiolnmlerant
349 2138 439 2186 lumen.
452 2137 506 2186 Post
516 2137 590 2204 quim
600 2153 649 2186 non
660 2141 752 2186 invenit
761 2153 884 2202 usquam,

95 2245 96 2250 =
200 2217 306 2265 Pcrcutit
315 2231 357 2278 ora
367 2231 453 2263 manu:
465 2213 585 2280 laniatque
597 2231 610 2263 a
621 2218 714 2280 pediote
724 2215 797 2264 velles
807 2249 814 2273 ‚

200 2292 343 2358 Pedioraque
354 2293 403 2356 ipsa
420 2291 475 2340 serit
486 2311 492 2339 :
504 2307 549 2342 nec
559 2294 649 2340 crinem
660 2291 750 2340 solvere
761 2307 849 2352 curat5

200 2369 308 2420 Scinditc
321 2373 345 2418 ὅ(
357 2369 448 2427 altrici,
460 2385 513 2435 qua
525 2369 600 2418 luetis
612 2371 697 2428 causa,
712 2373 824 2433 roganti3

201 2447 276 2496 Nulla
287 2447 320 2494 est
331 2447 455 2508 Halcyone
466 2465 471 2494 ε
484 2446 551 2495 nulla
561 2448 610 2506 esi,
622 2449 655 2496 ait
666 2465 673 2496 ι
685 2445 777 2498 occidit
787 2447 836 2496 tutd

154 2521 267 2582 circum
277 2522 357 2586 Ciyce
368 2526 420 2572 suo.
430 2523 537 2573 Solantia
546 2524 625 2574 tollite
634 2526 720 2582 verba3

203 2601 338 2666 Naufragus
348 2604 447 2651 interiit.
460 2600 532 2662 Vidi,
548 2606 681 2668 agnovique
693 2607 704 2660 ς’
719 2617 853 2668 manusque

202 2678 240 2728 Ad
256 2677 433 2738 discedentem,
446 2682 542 2744 cupiens
552 2683 668 2738 retinete,
686 2677 786 2730 tetendi.

202 2757 294 2806 Umbra
304 2757 366 2823 sugit
376 2775 383 2806 t
395 2756 434 2806 sed
446 2761 470 2807 δι
482 2758 566 2807 umbra
576 2772 656 2808 umen
664 2757 789 2807 manifesta
797 2761 896 2826 virique

204 2835 266 2883 Vera
276 2837 332 2884 mei.
344 2835 401 2884 Non
412 2835 452 2884 ille
463 2833 559 2900 quidem
570 2871 578 2895 ,
597 2837 615 2884 ri
626 2837 725 2901 quletis,
741 2836 844 2885 habebat

156 2910 314 2977 690.llluetoa
328 2911 425 2964 vulture
436 2929 496 2974 nec,
510 2929 559 2980 quo
569 2917 634 2981 priua
642 2929 683 2964 ore
690 2946 698 2975 ,
710 2914 812 2964 nitebat.
