2036 3714
226 261 294 349 258
369 255 414 327 P.
444 257 599 325 Outntt
616 259 814 326 NAsos'tra

225 379 334 432 Dixerat.
349 378 458 430 induitur
474 379 594 430 velamina
613 378 682 428 milie
696 379 809 430 colorum

180 455 287 514 59⁰iris3
309 461 351 515 δι,
368 472 467 523 arquato
478 457 565 506 calum
580 461 718 507 curvamine
728 462 823 522 signans
834 490 845 517 ,

226 537 298 585 Teiia
309 537 368 599 petit
379 537 434 598 jussi
447 535 489 582 sub
506 551 564 598 rupe
580 534 678 583 latentia
689 538 758 600 regis.

257 615 297 666 Est
307 631 380 680 prope
388 615 533 666 Cimmerios
545 616 619 680 longo
631 616 742 680 spelunca
752 610 862 673 recessu,

225 691 299 742 Mons
316 707 386 742 cavus
399 724 406 750 ‚
418 694 496 756 ignavi
507 689 595 741 domus
607 696 632 742 δι
643 692 773 756 penetralia
784 693 887 748 Somni;

226 763 283 828 Qui
294 783 425 834 numquam
442 767 513 818 radiis
527 773 622 828 oriens,
635 768 776 829 mediusve,
795 767 911 818 cadensve

180 846 329 900 595Phoebus
343 847 408 898 adire
423 849 506 913 potest.
519 849 619 898 Nebula
634 849 735 915 caligine
746 851 829 898 mixtae

226 921 371 972 Exhalantur
381 927 473 984 humo,
485 923 611 990 dubiaque
626 925 763 989 crepuscula
774 924 844 973 lucis.

226 999 288 1048 Non
296 1000 355 1064 vigil
365 1001 412 1050 aits
423 1003 456 1050 ibi
468 1035 477 1061 ,
491 1002 578 1050 cristati
591 1004 697 1052 cantibus
708 1006 757 1050 oris
769 1037 778 1062 ‚

226 1075 318 1126 Evocat
329 1077 445 1126 Auroram
457 1097 463 1126 :
474 1095 518 1128 nec
527 1095 587 1128 voce
602 1079 696 1130 silentia
707 1094 824 1144 rumpunt

227 1155 350 1204 Solicitive
361 1171 428 1206 canes
441 1190 449 1216 ,
466 1160 592 1207 canibusve
606 1159 712 1223 sagacior
721 1160 789 1206 anser
800 1175 808 1216 3

180 1226 287 1283 600Νοιι
305 1232 371 1294 sera,
388 1250 438 1284 non
451 1232 570 1298 pecudes,
585 1251 635 1285 non
650 1235 912 1296 montinniacum,

228 1309 375 1362 Humanaeve
393 1313 477 1361 sonum
490 1311 593 1362 reddunt
605 1317 714 1363 convicia
728 1314 827 1378 linguae.

228 1388 299 1440 Muta
317 1389 390 1450 Quies
403 1392 510 1440 habitate
523 1393 578 1440 saxo
589 1406 668 1441 tamen
678 1394 726 1440 exit
737 1393 767 1442 ab
783 1395 836 1440 imo

229 1465 301 1514 Ritus
312 1483 378 1532 aqua
386 1467 470 1517 Lethes
482 1487 488 1516 t
501 1485 542 1534 per
552 1487 638 1535 quern,
647 1485 703 1520 cum
713 1487 838 1521 murmure
846 1470 941 1532 labent,

229 1541 318 1592 Invitat
333 1545 430 1592 somnos
441 1549 611 1610 crepitantibus
621 1546 684 1597 unda
694 1548 791 1614 lapillis.

182 1614 290 1668 ⁶⁰5Ante
310 1619 373 1668 sores
384 1625 445 1670 antri
456 1622 559 1673 fecunda
570 1641 685 1689 papavera
698 1625 804 1686 florent,

229 1695 409 1762 Innumeraeque
419 1699 512 1748 herbaer
522 1717 622 1766 quarum
635 1701 664 1751 de
677 1702 735 1752 laiie
752 1706 864 1770 soporem

228 1769 284 1820 Not
296 1772 371 1838 legit,
389 1779 413 1824 bt
431 1778 520 1842 spargit
534 1795 669 1845 peropacae
683 1781 783 1831 humida
795 1797 878 1834 terras.

228 1847 316 1909 ianua,
332 1867 386 1916 que
403 1855 471 1902 verso
482 1853 607 1904 stridorem
618 1853 713 1907 cardine
727 1857 812 1909 reddat
820 1895 829 1922 ,

227 1925 304 1975 Nulla
317 1926 392 1978 domo
408 1929 460 1980 tots
471 1949 478 1978 t
489 1931 565 1981 custos
581 1937 608 1984 in
624 1934 708 1985 limine
723 1936 812 1987 nullus.

137 2045 142 2052 .
182 2004 261 2054 ‘torst
270 2004 351 2056 medio
368 2023 433 2057 torus
445 2009 494 2070 est,
507 2011 582 2060 ebeno
593 2013 699 2062 sublimis
711 2017 736 2062 in
748 2029 814 2076 atra,

229 2083 356 2144 Plumeus,
370 2087 500 2147 atricolor,
512 2088 579 2153 pullo
590 2090 709 2153 velamine
720 2094 791 2140 tetius
805 2109 813 2148 ς

229 2159 285 2221 Quo
296 2163 367 2211 cubat
378 2165 427 2227 ipse
438 2163 521 2224 Deus,
534 2167 647 2215 membris
659 2167 773 2233 languore
785 2169 880 2220 solutis.

178 2235 181 2240 '
228 2238 300 2288 Hunc
317 2242 496 2305 citramarini,
511 2247 586 2292 varias
598 2247 717 2295 imitantia
728 2245 836 2306 formas,

229 2318 327 2366 Somnia
336 2335 397 2367 vana
411 2323 490 2384 jacent
505 2320 623 2377 totidem,
634 2338 695 2388 quot
705 2324 896 2387 metuentia,

182 2393 296 2460 tt5Silva
305 2397 366 2459 gerit
377 2395 488 2457 frondes,
505 2402 587 2464 ejeeias
600 2399 655 2450 litus
668 2417 757 2451 arenas.

229 2470 285 2536 Qub
295 2473 367 2521 simui
377 2476 490 2534 intravit,
502 2479 657 2544 manibusque
667 2480 784 2530 obstantia
791 2482 860 2547 virgo

228 2544 326 2594 Somnia
342 2544 463 2608 dimovirt
481 2551 550 2602 vestis
562 2552 655 2618 fulgore
668 2553 755 2607 reluxit
1005 2549 1006 2604 i

228 2622 298 2670 Sacra
319 2620 404 2696 domus
417 2642 423 2672 ι
435 2625 549 2693 tardique
563 2627 628 2680 Deus
645 2633 760 2696 gravitate
775 2635 879 2697 jacentes

228 2697 276 2748 Vix
287 2699 370 2749 oculos
385 2702 470 2753 tollens
481 2739 489 2764 ‚
508 2707 642 2774 iterumque
652 2710 787 2774 iterumque
799 2709 925 2771 relabens,
1005 2707 1006 2756 i

181 2777 373 2844 aaoSumnraque
384 2785 515 2845 percutiens
525 2787 619 2849 nutanti
629 2788 722 2852 pestora
733 2801 835 2848 mento,

228 2853 335 2904 Excussit
348 2857 442 2909 tandem
454 2861 498 2910 sibi
510 2862 549 2909 se:
561 2863 689 2928 cubitoque
701 2863 808 2922 levatus,

228 2931 293 2998 Quid
304 2938 401 2999 teniat,
413 2937 529 3008 engubrat
539 2943 622 2998 enirn,
640 2941 747 2993 scitatur.
758 2939 861 3004 titillat

1004 2981 1006 3044 p
