1980 3714
98 262 543 332 Marrnorrnosror
557 263 596 333 L.
614 265 696 336 rV.
717 291 779 357 343

44 382 192 436 Candidus
203 387 228 433 in
244 385 340 432 summo
355 383 403 433 ells
414 383 501 434 melior
515 399 598 434 natura
613 384 680 452 quod
689 387 740 436 illic

41 463 164 512 AEtheria
178 462 213 512 est
225 497 233 522 ,
252 477 365 528 terraique
376 461 461 528 procul
472 465 584 528 contagia
594 468 663 515 vitat.
789 477 831 527 195

41 541 102 592 Nee
122 559 173 608 par
191 556 233 590 aut
250 539 333 590 eadem
351 543 471 591 nocturne
487 541 566 590 forma
577 542 670 592 Dianae.

40 617 102 670 Effe
114 620 205 684 potest
215 635 331 685 umquam
342 638 348 667 r
360 621 500 688 semperque
511 619 627 670 hodierna
635 625 765 689 sequente,

40 700 67 748 Si
87 700 187 748 crescit
202 733 211 756 ,
227 701 306 750 minor
319 699 371 756 est3
389 702 467 764 major
479 733 487 759 ,
499 703 517 748 si
535 702 656 750 contrahit
665 703 760 750 orbem.

76 769 174 833 Quid?
191 787 242 820 non
255 774 279 820 in
292 772 378 836 species
389 769 513 821 succedere
528 789 643 839 quattuor
661 791 750 824 annum

42 848 164 914 Aspicis,
183 851 261 898 aetatis
278 865 430 916 peragentem
444 853 587 902 imitamina
603 852 704 902 nostrai
752 865 754 868 '
783 870 831 903 eoo

41 928 115 978 Nam
137 942 233 987 tener,
248 931 273 976 ot
286 927 391 988 lactens,
407 933 520 996 puerique
539 929 675 978 simillimus
692 947 764 991 aevo,

42 1007 110 1070 Vere
129 1023 205 1056 novo
220 1006 260 1056 eil.
272 1007 341 1056 Tunc
354 1008 426 1056 herba
437 1023 516 1057 recens
529 1043 538 1068 ,
558 1012 583 1057 δι
597 1010 690 1058 roboris
701 1026 781 1074 expers

42 1085 163 1155 Turget,
183 1083 323 1136 &insolida
334 1085 381 1144 ests
398 1090 422 1134 δι
434 1088 473 1150 spe
484 1085 585 1136 delectat
597 1087 720 1151 agrestem.

44 1164 142 1213 Omnia
158 1179 217 1213 tum
227 1161 331 1222 florentt
343 1162 478 1229 florumque
489 1163 610 1213 coloribus
623 1164 700 1212 almus

44 1241 122 1292 Ridet
135 1259 199 1306 ager
209 1261 215 1290 ι
225 1257 302 1306 neque
311 1238 389 1290 adhuc
402 1244 477 1290 virtus
490 1244 516 1290 in
527 1240 653 1292 frondibus
666 1243 717 1292 ulla
728 1245 767 1294 est.
783 1249 826 1295 205

43 1321 151 1372 Transit
164 1323 193 1368 in
207 1313 319 1368 AEstatern
328 1355 336 1378 ,
346 1319 398 1384 post
409 1319 473 1380 Ver,
488 1319 606 1369 robustior
616 1320 697 1371 Annus
710 1341 718 1380 ;

43 1399 135 1464 fitque
156 1399 243 1448 valens
254 1400 354 1463 juvenis.
366 1397 451 1464 Neque
460 1402 524 1448 enim
534 1400 652 1448 robustior
667 1415 723 1450 aetas

44 1479 105 1528 Ulla
117 1513 125 1538 ,
146 1493 197 1528 nec
213 1479 308 1528 uberior
320 1496 326 1526 =
339 1493 383 1527 nec
394 1491 467 1544 ‚qun
478 1481 554 1542 magis
564 1479 658 1539 aliuet,
678 1479 728 1529 ulla
737 1481 779 1530 est.

47 1557 147 1623 Excipit
159 1559 300 1606 Autumnus
312 1591 320 1616 ‚
336 1560 416 1621 posito
428 1556 520 1606 fervore
530 1559 642 1622 juventae.

46 1636 163 1686 Maturus
183 1639 314 1700 mitisque,
327 1637 556 1702 interjuvenemque
567 1637 694 1702 senemque
783 1629 828 1662 ²¹⁰

46 1715 182 1780 Temperie
200 1711 308 1773 medius,
321 1715 403 1778 sparsis
414 1729 455 1777 per
466 1728 576 1778 tempora
585 1717 660 1764 canis.

48 1791 108 1842 lnde
121 1793 207 1842 senilis
217 1795 294 1841 hiems
305 1791 409 1840 tremulo
419 1795 486 1841 veuit
502 1790 599 1840 horrida
610 1789 676 1856 paffu
687 1809 695 1849 3

48 1872 97 1922 Aut
114 1873 222 1938 spoliata
234 1873 304 1930 suos,
317 1883 373 1929 aut,
389 1885 450 1936 quos
462 1871 550 1928 habet,
565 1869 619 1918 alba
635 1868 743 1933 capillos.

50 1949 140 2000 Nostra
156 1967 257 2017 quoque
267 1950 373 2014 ipsorum
385 1951 496 2012 semper,
508 1951 642 2015 ,requieque
650 1951 701 1996 sine
709 1947 776 2004 ulla,

49 2027 166 2093 Corpora
186 2042 331 2078 vertuntur:
343 2043 387 2076 nec
399 2024 466 2092 quod
477 2025 613 2084 fuimusve,
634 2027 758 2086 sumusve,
779 2037 821 2088 2¹5
850 2055 885 2096 ᾗ

50 2104 113 2157 Cras
124 2110 226 2156 erimus.
238 2107 293 2154 Fuit
303 2105 345 2154 illa
357 2104 423 2165 dies,
434 2104 483 2170 qul
492 2106 583 2154 semina
594 2103 687 2153 tantum
699 2138 707 2164 ,

51 2185 157 2250 Spesque
174 2186 304 2234 hominum
314 2177 411 2250 primae,
425 2183 532 2234 maternal
543 2184 703 2234 habitavimus
709 2183 775 2234 alvo.

50 2261 163 2312 Artifices
177 2261 271 2312 Natura
286 2279 369 2312 manus
382 2263 509 2320 admovit,
525 2266 549 2311 &
561 2263 616 2326 angi

52 2337 166 2406 Corpora
177 2343 306 2390 visceribus
315 2339 420 2391 distentae
432 2339 627 2392 condita-matris
720 2385 722 2392 .
775 2361 778 2368 ’

52 2417 158 2478 Noluit3
175 2435 236 2485 eque
249 2417 325 2468 domo
335 2437 419 2468 vacuas
431 2423 511 2470 emisit
521 2421 545 2468 in
558 2435 633 2468 auras.
652 2429 655 2434 '
777 2426 824 2462 ²20

52 2493 147 2549 Editus,
156 2501 183 2546 in
200 2498 279 2546 lucem
293 2501 367 2562 jacuit
379 2501 430 2546 sine
440 2498 530 2548 viribus
540 2496 618 2546 infans
629 2513 638 2556 ς

55 2573 115 2624 Mox
125 2575 262 2640 quadrupes
274 2610 281 2634 ,
294 2579 388 2642 rituque
400 2575 456 2624 tulit
468 2577 508 2624 sua
518 2576 626 2626 membra
637 2575 757 2632 ferarum3

54 2650 225 2719 Paulatimque
238 2667 357 2711 tremens,
370 2657 394 2702 sc
406 2651 514 2702 noudum
526 2653 617 2718 poplite
629 2651 714 2712 firmo,

56 2726 190 2790 Constitit,
205 2729 293 2796 adjutis
305 2732 387 2797 aliquo
399 2734 525 2782 conamine
536 2733 622 2779 nervis.

56 2803 113 2856 lnde
127 2808 210 2858 valens
230 2809 348 2876 veloxque
359 2810 419 2858 fuit:
430 2811 578 2874 spatiumque
592 2812 693 2872 juventa
771 2798 818 2875 ”i

56 2884 152 2934 Transit
164 2905 170 2934 r
185 2891 224 2945 δι,
243 2891 344 2937 emensis
356 2886 430 2936 medii
439 2902 535 2952 quoque
546 2889 660 2952 temporis
672 2889 755 2945 annis,

56 2960 155 3018 labitur
166 2965 272 3018 occidue
283 2983 324 3036 pet
334 2969 379 3018 iter
390 2965 482 3019 declive
493 2966 597 3016 setsesloe.
614 3028 632 3080 P
646 3029 651 3040 Ι
768 2997 771 3006 ·

644 3043 669 3082 i!
