2056 3706
203 277 251 325 ιο
286 255 332 324 P.
366 255 563 322 Ovtnrr
596 256 824 322 NAsorrrs

199 377 243 426 Pes
255 411 263 436 ,
276 375 354 426 snod'o
367 391 417 424 tarn
429 375 518 428 velox.
535 377 609 438 pigris
619 372 740 424 radicibus
753 377 846 422 haret:

198 455 248 504 Ora
258 471 373 504 cacumen
385 457 438 502 obst
448 472 455 501 z
467 468 574 502 remanet
584 458 649 501 nitor
660 469 720 500 unus
731 456 756 499 in
769 451 822 498 ilia.

198 531 267 580 Hanc
275 549 371 597 quoque
378 533 481 582 Phoebus
490 547 555 580 amat
563 550 569 577 ε
578 549 586 594 p
594 531 702 594 osithque
708 533 734 577 in
741 531 818 594 stipite
824 527 927 589 dentes,

203 611 280 658 Sentit
292 607 370 659 adhuc
382 607 499 672 trepidate
515 625 580 656 novo
590 609 633 656 sub
648 610 739 656 cortice
757 609 846 670 pessus.

153 684 394 751 555Complexusque
413 689 459 733 suis
471 703 567 744 ramos,
580 702 606 734 ut
618 687 725 733 membra
737 719 745 742 ‚
763 683 874 737 lacertis,

199 764 288 812 Oscula
304 765 346 814 dat
358 767 425 830 ligno
438 783 445 812 ε
458 763 546 828 refugit
563 779 643 812 temen
655 761 735 810 oscula
749 761 852 824 lignum.

198 839 249 889 Cui
265 841 348 900 Deus,
365 845 396 890 At
412 847 501 902 coniux
512 845 627 906 quoniam
638 857 691 888 mea
701 856 752 887 non
763 855 831 902 potes
848 831 913 897 csse,

198 919 276 968 Arbor
291 923 335 968 etis
352 917 414 968 cerr!
426 954 434 976 ,
447 917 527 976 dixit,
544 917 612 966 rn'ea:
625 921 716 981 semper
728 917 854 964 habebunt

199 994 236 1043 Te
250 1013 334 1054 coma,
357 1012 380 1044 te
398 999 512 1052 cithare,
531 1011 554 1044 te
572 997 672 1054 notite,
687 995 769 1052 laute,
783 997 911 1058 pharettae.

154 1079 164 1124 5
169 1072 200 1110 ⁵0
207 1073 238 1120 su
251 1070 352 1122 ducibus
364 1067 444 1122 ¹Lutiis
454 1071 551 1129 aderis,
569 1072 624 1120 crim
639 1073 693 1120 saeta
707 1074 856 1136 triumphum

200 1151 254 1198 Vox
265 1166 354 1208 canet5
374 1154 399 1200 &
414 1151 493 1214 ionga
506 1152 583 1198 visent
597 1149 721 1214 Capitolia
738 1165 845 1215 pompae.

199 1227 307 1276 Postibus
319 1228 427 1292 Augustis
438 1226 522 1276 eadent
534 1225 648 1276 fidissima
659 1228 755 1285 custos,

198 1307 261 1354 Ante
275 1305 337 1354 sores
355 1307 424 1354 stabis
435 1323 442 1364 3
455 1303 607 1370 mediamque
619 1307 714 1354 tuebere
726 1321 851 1370 quercum.

199 1383 282 1449 thue
299 1399 381 1432 meum
391 1386 493 1432 intonsis
504 1398 575 1446 crput
585 1383 618 1430 est
630 1383 734 1446 juvenile
746 1382 836 1446 capillis
847 1399 855 1439 ;

154 1463 238 1528 5⁶5T¹¹
250 1478 346 1527 quoque
363 1475 489 1528 perpetuos
500 1461 597 1530 semper·
602 1477 657 1524 gere
672 1457 766 1527 frondis
779 1461 892 1508 honores.

199 1539 303 1587 Finierat
320 1539 390 1587 Paean
402 1557 409 1586 ι
421 1537 488 1586 fastis
498 1536 575 1586 ruodo
591 1537 671 1586 laurea
685 1540 757 1586 ramis

198 1605 290 1654 Annuit
301 1623 307 1652 e
318 1617 392 1670 utque
402 1618 487 1668 caput,
501 1605 551 1654 visa
562 1603 594 1651 est
605 1599 702 1668 agitasse
713 1619 838 1652 cacumen.

230 1775 362 1826 Estnemus
370 1769 513 1836 Hemoniae,
523 1789 639 1842 prerupta
647 1772 715 1842 quod
724 1773 814 1840 undiq3
828 1769 920 1823 claudit

197 1855 262 1904 Silva
275 1874 281 1902 :
293 1871 381 1904 vocant
392 1857 484 1920 Tempe
494 1873 501 1912 3
513 1872 554 1918 per
573 1871 626 1920 quae
640 1853 752 1912 pensus,
771 1853 800 1900 ab
814 1855 866 1900 imo

74 1959 76 1963 ·
153 1929 295 1998 570Effusus
317 1929 409 1992 Pindo,
423 1934 540 1998 spumosis
549 1932 655 1981 volvitur
666 1928 756 1980 undisr

198 2010 345 2078 Dejcshuque
356 2013 421 2076 gravi
433 2027 514 2060 tenues
525 2013 640 2074 agitantia
650 2009 732 2056 furnos

199 2089 290 2154 Nubila
307 2088 437 2142 conducit,
453 2090 604 2152 summasque
621 2090 743 2150 aspergine
756 2084 827 2136 silvas
926 2111 928 2114 >

198 2165 297 2229 Impiuit
304 2184 313 2235 ,⁵
327 2171 351 2214 δι
372 2168 450 2214 sonitu
462 2166 514 2229 plus
526 2163 601 2230 quim
612 2167 692 2214 vicina
704 2163 799 2229 fatigat.

199 2243 256 2290 Haec
269 2242 355 2291 domus
368 2277 376 2300 ,
391 2245 441 2290 haec
456 2241 537 2299 sedes,
551 2246 601 2292 haec
613 2243 667 2292 sunt
677 2241 808 2308 penetralia
817 2241 898 2304 magni

152 2321 282 2387 575Amnis
293 2339 299 2368 ι
311 2322 337 2368 in
349 2321 395 2370 hoc
406 2318 508 2368 residens
519 2319 581 2368 sasso
595 2318 625 2368 de
636 2322 745 2368 cautibus
756 2334 844 2378 antro,

189 2397 276 2456 *Undis
290 2403 340 2461 jura
349 2396 437 2458 dabat,
448 2397 615 2463 Nymphisque
632 2398 767 2446 colentibus
778 2393 863 2446 unias.

197 2475 355 2526 Conveniunt
367 2476 425 2526 illuc
438 2476 563 2541 popularia
572 2475 675 2524 flumina
685 2474 808 2540 prirnstma
886 2503 888 2508 ·

199 2555 284 2604 Nescia
294 2568 432 2618 gratentur,
445 2555 629 2604 consolenturne
644 2568 782 2619 parentem,

198 2633 321 2698 Populifer
337 2631 483 2697 Spercheos,
503 2637 527 2682 &
545 2636 685 2700 irrequietus
697 2632 818 2696 Enipeus,

153 2708 366 2777 tssohpidanusque
383 2711 466 2769 senex,
485 2710 771 2778 lenisqueriruphrysos,
787 2713 811 2757 &
823 2709 889 2762 AEas.
911 2707 913 2710 ’

200 2789 306 2853 Moxque
326 2804 407 2837 amnes
422 2788 462 2837 alii
474 2808 480 2837 :
493 2792 549 2854 qui,
562 2791 610 2855 qui
623 2789 679 2838 tulit
695 2792 798 2854 impetus
808 2787 883 2850 illos,

199 2865 226 2916 ln
241 2883 305 2914 marc
323 2864 444 2914 deducunt
458 2863 526 2916 fessas
542 2869 659 2916 erroribus
675 2865 758 2915 undas.
900 2863 903 2870 '

198 2941 298 2994 Inachus
312 2960 371 2994 unus
385 2945 448 2996 abest
458 2963 464 2994 t
476 2947 574 3014 imoque
589 2943 726 2996 reconditus
743 2961 813 2998 antro
