2056 3706
222 259 269 327 86
365 251 410 325 P.
444 251 600 324 Orruit
632 253 832 324 Nrsome

222 383 287 432 Tum
295 379 355 432 verd
365 378 504 444 obstupuit,
514 376 633 444 nudaque
643 375 756 443 cupidine
766 376 862 426 formae

221 460 335 511 Salmacis
344 462 431 510 exarsit
441 475 447 506 t
459 456 562 524 flagrant
571 472 667 524 quoque
678 456 771 506 lumina
780 455 946 519 Nymphest

220 537 280 589 Non
290 539 359 590 aliter
370 571 379 600 ,
390 536 549 605 quinidius,
565 551 626 602 puro
637 533 796 586 nitidissimus
806 534 874 583 orbe
886 567 898 594 ,

221 617 340 682 oppositi
351 617 440 685 speculi
449 616 558 667 referitur
568 618 674 681 imagine
684 615 800 664 Phoebus.

175 696 317 765 ii⁰Vixque
328 713 423 748 moram
436 699 525 763 patitur
536 713 544 744 s
554 697 595 746 vix
605 699 655 761 jam
665 695 706 744 sua
718 690 806 758 gaudia
817 688 924 740 differt.

220 779 273 828 lam
286 779 352 842 cupit
363 775 475 840 amplesii
486 792 492 823 r
503 778 554 840 jam
565 775 589 822 se
598 769 661 824 meld
672 774 782 820 confines
790 785 896 818 eruens.

220 855 283 910 llle,
300 857 384 913 caris,
398 852 491 912 velox,
511 852 624 917 applausu
641 865 742 915 torpore
758 848 849 914 palmis
864 879 876 908 ,

220 932 309 982 Desilit
318 937 345 982 iu
355 932 436 981 latices
448 949 454 979 r
466 930 606 995 alternaque
618 930 715 979 bratiria
725 927 816 978 ducens

220 1011 249 1061 ln
260 1007 357 1077 liquidis
368 1009 494 1059 translucet
505 1011 572 1074 aquis
583 1025 589 1055 r
600 1022 628 1056 ut
639 1007 742 1056 eburnea
752 1009 772 1056 si
781 1007 838 1073 quis

175 1091 293 1155 3558igna
303 1103 367 1154 tegat
376 1087 442 1138 claro
454 1121 462 1148 ,
477 1086 516 1138 vel
528 1083 632 1136 candidu
642 1085 711 1145 lilia,
725 1087 798 1136 vitro.

220 1169 350 1230 Vicimus,
367 1185 398 1217 cu
407 1181 473 1216 meus
485 1165 536 1225 eil,
552 1163 670 1214 exclamat
681 1163 740 1214 Nais
752 1181 758 1212 ι
771 1167 819 1222 dt,
838 1163 914 1212 omni

219 1246 290 1297 Veste
301 1245 385 1312 procul
395 1245 473 1312 iasii,
490 1241 578 1294 mediis
586 1245 726 1294 immittitur
737 1239 806 1290 undis
814 1275 825 1296 ,

219 1323 403 1390 Pugnacemque
414 1337 496 1372 terrers
507 1321 667 1387 luctantiaque
677 1320 759 1370 oscula
768 1321 846 1384 carpit
855 1335 864 1377 ς
928 1333 930 1340 ’

221 1403 388 1468 Subjesiatque
399 1415 483 1449 manus
494 1433 502 1460 ‚
521 1402 644 1466 invitaque
655 1402 751 1465 peston
760 1402 840 1464 tangit
851 1416 860 1457 i

175 1479 253 1533 3⁶01st
264 1497 326 1529 nunc
336 1479 382 1530 hac
390 1481 472 1545 iuveni
483 1513 491 1538 ,
508 1493 573 1528 nunc
584 1477 785 1528 circumfunditur
795 1477 865 1528 illie.

219 1557 330 1624 Denique
340 1561 458 1607 nitentem
468 1571 571 1616 contra,
587 1557 696 1623 elabique
706 1557 832 1606 volentem

219 1636 332 1701 implicat
343 1671 351 1697 ‚
368 1650 395 1685 ut
405 1637 515 1700 serpens,
527 1651 602 1701 quum
612 1639 677 1699 regia
687 1634 784 1686 sustinet
793 1634 861 1695 ales,

219 1714 400 1781 Sublimemque
409 1716 471 1779 rapit
483 1733 488 1762 :
501 1711 607 1778 pendens
618 1729 690 1781 caput
700 1715 759 1770 illa,
771 1712 891 1780 pedesque

219 1791 326 1857 Alligat,
338 1797 364 1842 δι
375 1791 451 1843 caudi
461 1795 587 1858 spatiantes
599 1795 708 1860 implicat
719 1794 776 1843 alas.

175 1868 287 1936 365Utve
297 1871 375 1920 solent
386 1869 478 1921 hederae
489 1871 575 1936 longos
586 1875 689 1922 intexere
701 1887 816 1930 truncor3

219 1947 301 2016 thue
311 1950 354 1998 sub
366 1951 500 2017 aequorilrus
511 1949 653 2016 deprensum
665 1951 769 2016 polypus
779 1949 872 2002 hostem

220 2025 340 2078 Continet
351 2063 359 2090 ,
376 2045 406 2078 er
419 2032 487 2078 omni
498 2027 601 2078 dimissis
611 2043 677 2092 parte
688 2027 799 2094 flagellis.
868 2027 870 2032 '

219 2105 308 2156 Perstat
319 2106 489 2165 Atlantiades,
504 2107 642 2171 sperataque
657 2105 745 2170 gaudia
754 2106 874 2170 Nympha

179 2198 182 2207 ¹
221 2183 331 2248 Denegat
343 2202 349 2231 r
361 2183 405 2232 illa
415 2186 523 2248 premit,
542 2181 716 2251 commissaque
727 2201 828 2250 corpore
838 2199 890 2234 toto

173 2263 285 2338 3708icut
295 2263 423 2311 inherebat
435 2295 442 2319 ‚
464 2263 554 2325 Pugnet
565 2261 622 2312 licet
637 2297 645 2321 ,
659 2265 770 2328 improbe
782 2297 791 2322 ,
809 2261 888 2322 dixit,

220 2339 276 2389 Non
288 2355 367 2390 tamen
378 2337 486 2404 effugies
501 2339 554 2398 lte,
567 2338 619 2396 Di,
632 2341 751 2405 iubentus
766 2345 791 2391 dt
801 2341 873 2392 istum

219 2417 293 2468 Nulla
304 2417 361 2466 Dies
371 2433 385 2465 a
395 2434 434 2466 me
444 2453 452 2475 ‚
467 2434 512 2467 nec
522 2435 561 2467 tne
572 2417 670 2470 seducat
680 2421 710 2468 ab
720 2420 774 2468 isio.

219 2496 283 2544 Vota
294 2497 347 2544 suos
357 2496 460 2544 habuere
471 2496 537 2546 Deos
549 2517 555 2545 :
569 2515 625 2548 nam
637 2503 712 2548 mixta
722 2496 828 2548 duorum

219 2572 329 2638 Corpora
338 2576 487 2638 iunguntur,
500 2575 620 2642 faciesque
630 2577 752 2628 inducitur
760 2577 808 2626 illis

173 2652 274 2705 ³75Un2
285 2670 291 2700 r
303 2651 370 2702 velut
381 2654 399 2700 si
411 2655 478 2718 quis,
493 2651 610 2703 condusii
621 2659 727 2716 corrice,
739 2671 819 2706 ramos

220 2729 356 2780 Crescendo
369 2733 451 2796 iungi,
465 2735 598 2798 pariterque
611 2732 745 2784 adolescere
755 2751 845 2785 cernat.

218 2809 257 2856 Sic
269 2810 309 2856 ubi
321 2809 447 2874 complexu
459 2815 569 2862 coierunt
580 2814 688 2863 membra
699 2803 794 2874 tenaci,

219 2885 271 2936 Nec
282 2886 330 2937 duo
341 2889 411 2950 sunt,
424 2893 449 2939 δι
461 2890 540 2940 forma
551 2889 639 2957 duplex
650 2910 657 2941 s
669 2909 713 2942 nec
726 2893 815 2942 semina
826 2891 888 2954 dici,

218 2965 929 3039 Necpuerutposriut:neutrumque&utrumquevidentur.
