2036 3714
124 261 548 335 MsrAuonruosnou
566 265 605 336 L.
624 264 727 336 VIII.
750 268 814 353 189

95 384 222 434 stramina
231 383 361 434 flavescunt
371 403 379 444 3
391 384 552 451 adopertaque
563 402 680 434 marmore
692 385 760 436 tellus
767 419 778 446 ,

98 461 249 528 Caelarreque
268 462 330 513 fores
342 498 350 522 ,
362 479 490 529 aurataque
504 466 563 512 testa
579 461 707 512 videntur:

98 538 173 588 Talia
191 541 246 588 ctlm
256 537 352 604 placido
366 542 487 590 Saturnius
496 539 572 590 edidit
582 559 632 590 ore.

98 612 206 672 Dicite,
223 617 282 682 juste
297 619 383 677 senex,
400 622 425 668 δι
445 618 535 667 femina
546 623 648 684 conjuge
662 619 723 686 jullo
738 647 739 654 κ

98 692 204 757 Digna,
219 693 279 759 quid
291 698 387 760 optetis.
396 695 461 745 Cum
473 694 575 745 Baucide
585 713 659 761 pauca
670 696 772 756 locutus,
823 713 866 758 705

100 768 247 820 Consilium
262 775 355 837 Superis
377 776 591 840 aperitcommune
603 773 738 822 Philemon.

101 843 160 898 Esse
182 847 330 914 sacerdotes,
348 848 493 922 delubraque
509 851 583 899 vellra
600 853 661 900 tueri

101 925 232 976 Pessimus
244 945 250 975 r
263 931 287 976 δι
298 931 413 1000 quoniam
424 927 553 980 concordes
566 931 656 994 egimus
666 945 759 989 annos,

103 1001 210 1054 Auferat
228 1007 288 1054 hora
307 1003 367 1062 duos
379 1003 461 1056 eadem
473 1025 479 1054 ι
492 1023 536 1055 nec
548 1010 655 1072 conjugis
667 1023 783 1078 umquam

104 1081 180 1130 Busta
197 1098 256 1132 mea
266 1081 361 1140 videam
372 1103 379 1133 ι
390 1088 490 1138 neurim
503 1084 656 1137 tumulandus
666 1087 696 1136 ab
704 1085 755 1137 sua.
828 1095 875 1141 7¹⁰

105 1160 177 1210 Vota
196 1159 255 1210 fides
270 1164 382 1230 sequitur.
394 1163 491 1228 Templi
502 1163 577 1212 tutela
588 1163 653 1212 fuere
664 1197 672 1221 ‚

103 1236 198 1294 Donec
216 1241 266 1290 sita
283 1237 339 1288 data
357 1239 398 1288 est.
415 1241 489 1290 Annis
501 1257 601 1305 aevoque
612 1241 684 1290 soluti

106 1317 175 1365 Ante
193 1315 279 1382 gradus
295 1319 373 1367 sacros
387 1316 443 1367 culm
462 1317 549 1366 starent
564 1315 641 1377 forte,
657 1319 753 1383 locique

108 1393 245 1444 Narrarent
255 1397 336 1455 casus3
348 1393 458 1444 frondere
468 1395 609 1445 Philemona
619 1395 718 1456 Baucis,

109 1469 221 1522 Baucida
230 1474 351 1539 conspexit
362 1473 439 1524 senior
450 1469 561 1522 frondere
572 1472 707 1522 Philemon.
833 1490 877 1536 7¹5

109 1549 217 1615 Jamque
228 1551 294 1616 super
305 1545 396 1624 gelidos
407 1552 524 1604 crescente
536 1553 658 1602 cacumine
666 1550 763 1609 vultus,

111 1626 205 1676 Mutua
217 1661 225 1691 ,
246 1625 305 1676 dum
322 1627 412 1688 licuit,
429 1625 644 1686 reddebantditl23
656 1628 781 1694 Valeque,

113 1705 138 1754 Ο
152 1705 160 1754 l
184 1709 273 1772 conjux
284 1741 293 1766 ,
305 1703 383 1760 dixere
393 1707 464 1759 simul
474 1741 482 1768 ,
494 1707 564 1762 slmul
576 1703 727 1760 abdicarent

115 1783 170 1832 Ora
186 1783 272 1834 frutex.
283 1783 393 1834 Ostendit
405 1781 483 1836 adhuc
493 1785 615 1847 Tyane's'us
630 1784 681 1840 illic

115 1862 206 1921 Incola
222 1860 251 1912 de
268 1866 365 1928 gemino
376 1865 467 1914 vicinos
483 1878 583 1926 corpore
598 1876 704 1910 truncos.
837 1879 884 1923 720

116 1939 182 2000 Haec
192 1939 251 1990 mihi
261 1957 312 1996 non
322 1943 378 1991 vani
390 1974 398 2000 ,
412 1956 488 2005 neque
500 1953 549 1988 erat
558 1955 601 1986 eur
611 1935 790 1988 fallerevellent
800 1971 808 1996 ,

118 2016 256 2068 Narravere
271 2020 335 2068 senes
347 2035 353 2067 t
366 2019 478 2083 equidem
492 2014 620 2081 pendentia
628 2013 679 2064 vidi

119 2097 193 2146 Serta
209 2097 277 2160 super
288 2112 366 2144 ramos
377 2113 385 2154 3
397 2110 536 2165 ponensque
550 2094 653 2142 recentia
661 2125 670 2152 ,
687 2089 751 2152 dixi,

120 2171 194 2224 Cura
211 2177 246 2246 pii
255 2173 302 2223 Dis
312 2175 383 2235 sunt,
393 2178 433 2234 δι,
444 2175 486 2244 qui
496 2169 590 2222 coluere
602 2205 611 2233 ,
627 2169 748 2221 coluntur.

161 2334 290 2388 Desierat:
302 2335 445 2399 conisusque
456 2335 480 2380 &
491 2348 527 2381 res
538 2336 563 2382 δι
571 2343 680 2380 moverat
689 2331 783 2389 eustos,
844 2347 887 2396 7²5

127 2407 223 2463 Thesea
234 2409 349 2477 precipue
359 2430 365 2460 ι
378 2427 449 2476 quem
461 2410 521 2459 falia
532 2407 613 2459 audire
624 2406 747 2458 volentem

127 2492 199 2540 Mira
216 2489 314 2548 Dedm,
332 2491 399 2537 nixus
410 2488 492 2536 cubito
503 2485 654 2550 Calydonius
664 2487 740 2533 amnis

129 2567 234 2618 Talibus
248 2567 388 2632 alloquitur.
399 2568 458 2614 Sunt
468 2599 476 2624 ‚
488 2563 519 2614 s!
531 2565 675 2622 fortissime,
686 2579 789 2628 quorum

130 2647 223 2698 forma
234 2645 307 2694 semel
317 2659 385 2695 mora
395 2644 443 2704 est,
456 2646 480 2692 δι
491 2645 517 2691 in
527 2644 573 2692 hoe
584 2643 737 2691 renovamine
745 2643 844 2690 mansit:

133 2726 197 2774 Sunt
209 2758 218 2786 ,
230 2725 313 2792 quibus
323 2726 349 2772 in
361 2721 439 2787 plures
449 2725 485 2788 Jus
497 2721 530 2769 est
541 2723 638 2770 transire
650 2717 749 2782 figuras:
851 2754 863 2795 7
869 2750 897 2795 30

134 2802 173 2852 Ut
183 2801 242 2860 tibi,
255 2801 374 2866 complexi
385 2815 470 2849 terram
482 2801 553 2846 maris
564 2795 660 2854 incola,
676 2795 772 2842 Proteu.

134 2880 205 2940 Nam
221 2877 297 2936 modo
309 2894 331 2928 te
342 2882 469 2943 iuvenem,
486 2873 561 2924 modo
574 2869 686 2922 revidere
697 2871 790 2920 leonem
804 2890 809 2918 :

136 2953 212 3012 Nunc
232 2953 350 3014 violentus
362 2971 431 3021 aper,
441 2969 504 3014 nuuc
511 2987 521 3016 ‚
536 2968 609 3022 quem
616 2945 718 3020 resigille
729 2952 852 3009 timerent,
