2056 3706
169 192 598 286 Mernuorrrnoraorv
620 216 658 284 L.
681 218 730 284 II.
767 242 812 306 43

90 340 160 390 Tam
179 357 256 407 nuper
265 341 332 405 pistis
342 340 400 388 creso
415 339 549 405 pavonibus
560 339 644 404 Argo,

91 419 183 479 Quint
200 435 226 469 tu
235 435 309 483 nuper
322 433 387 476 eras,
398 416 455 468 clim
469 414 586 466 candidus
597 431 651 466 ante
663 412 754 472 luisses,

93 497 182 547 Corve
196 498 296 563 loquax,
315 495 396 545 subitd
409 498 529 560 nigrantes
540 497 620 544 versus
631 497 656 542 in
667 493 724 542 alas.
819 519 863 564 535

95 573 164 624 Nem
182 575 228 624 suit
243 578 294 626 haec
311 572 436 641 quondam
449 577 526 626 niveis
538 588 649 639 argentea
660 575 742 638 pennis

94 653 167 710 Ales,
180 669 207 702 ut
220 667 326 719 aequaret
338 667 400 702 totas
415 655 465 701 sine
477 650 531 702 labe
544 650 688 709 columbas;

94 731 147 780 Nec
164 735 289 783 servaturis
301 731 370 796 vigili
381 729 507 795 Capitolia
520 741 581 782 voce

92 809 200 862 Cedetet
216 812 359 870 anseribus,
374 825 419 858 nec
432 811 525 858 amanti
538 805 640 858 flumina
650 823 735 872 cycno.

90 889 185 956 lingua
196 890 242 940 suit
254 887 345 940 danum
356 907 362 938 r
377 886 461 954 lingui
470 886 573 938 faciente
583 885 680 953 loquaci
692 921 700 946 ‚
819 924 827 964 ς
833 922 866 966 40

91 965 141 1016 Cui
159 967 229 1018 color
245 967 313 1017 albus
328 981 396 1029 erat,
415 982 480 1016 nunc
496 965 528 1016 est
543 968 675 1014 contrarius
688 964 753 1014 albo.

90 1044 219 1094 Pulchrior
228 1049 255 1096 in
268 1060 337 1105 tota,
354 1061 428 1110 quam
439 1041 549 1094 Larill'aa
563 1043 685 1104 Coronis,

92 1121 153 1172 Non
163 1123 211 1173 suit
224 1122 362 1172 Haemonii.
373 1122 467 1170 Placuit
478 1124 542 1180 tibi,
557 1121 693 1186 Delphice,
704 1119 781 1182 certi,

93 1200 164 1250 Dum
174 1201 215 1252 vel
225 1201 288 1250 casta
296 1199 361 1258 fuit,
376 1198 416 1247 vel
426 1199 584 1248 inobservata.
601 1198 647 1248 Sed
660 1197 707 1248 ales

96 1279 175 1327 Sensit
190 1275 337 1328 adulterium
351 1275 497 1325 Phorbe'r'us:
512 1290 584 1341 utque
595 1275 709 1326 latentem
817 1297 859 1344 545

91 1355 225 1420 Detegeret
234 1355 331 1419 culpam
340 1387 349 1413 ,
368 1369 418 1402 non
430 1353 555 1402 exorabilis
565 1350 651 1412 index,

88 1432 130 1484 Ad
147 1432 276 1484 dominum
289 1431 402 1482 tendebat
410 1435 456 1482 iter
467 1450 474 1480 r
486 1448 558 1497 quem
568 1432 663 1496 garrula
673 1435 746 1482 motis

87 1510 255 1577 Consequitur
268 1513 368 1576 pennis,
381 1503 479 1560 scitetur
491 1526 517 1560 ut
528 1513 628 1571 omnia,
641 1514 734 1562 cornix.

84 1587 226 1656 Audithue
236 1593 281 1640 viae
292 1581 362 1638 carisa
374 1606 381 1647 3
393 1587 452 1638 Non
463 1589 521 1638 utile
539 1591 630 1654 carpis,
769 1653 774 1660 ι

83 1667 186 1734 Inquit,
203 1669 263 1722 itere
276 1683 307 1718 nc
317 1667 398 1732 sperne
407 1683 466 1716 meae
479 1668 591 1732 praesagia
602 1667 699 1733 lingue.
813 1689 862 1738 550

80 1905 198 1957 iuvenies
211 1900 322 1954 nocuisse
333 1899 416 1952 fidem.
426 1901 494 1950 Nam
503 1917 609 1966 tempore
624 1903 730 1968 quodam

81 1981 166 2032 Pallas
179 1982 367 2032 Erichthonium
377 2013 386 2034 ,
404 1977 500 2044 prolem
511 1981 561 2028 sine
571 1993 647 2032 matre
661 1995 778 2042 creatam,

81 2061 215 2114 Claustret
234 2060 313 2111 Adaeo
325 2056 390 2108 teari
404 2055 434 2108 de
444 2059 536 2110 vimine
551 2055 625 2116 ctus3
752 2111 754 2114 ,

80 2139 275 2204 virginibusque
291 2138 366 2186 tribus
376 2139 475 2203 gemino
490 2134 520 2186 de
531 2135 638 2202 Cecrope
651 2139 713 2188 natis
813 2157 854 2204 μς

80 2216 157 2268 Hanc
170 2215 250 2280 legem
261 2211 377 2275 dederat,
390 2215 469 2264 suane
480 2215 566 2266 secreta
576 2213 693 2268 viderent.

80 2291 178 2342 Abdita
190 2289 278 2342 froude
291 2291 354 2352 levi,
371 2289 442 2342 densi
452 2292 588 2358 speculabar
599 2295 629 2342 ab
640 2280 726 2355 ulmo,

81 2369 157 2432 Quid
170 2371 284 2421 facerent.
298 2368 432 2423 Commiffa
448 2370 501 2422 duae
512 2374 561 2422 sine
573 2370 655 2422 fraude
667 2387 777 2433 tuentur,

80 2447 223 2500 Pandrosos
233 2463 305 2516 atque
319 2449 391 2498 Herse
402 2467 408 2498 ε
418 2447 513 2498 timidas
526 2465 597 2502 vocat
608 2467 655 2500 uua
665 2453 757 2505 sorores

80 2527 223 2593 Aglauros,
244 2525 368 2592 nodosque
382 2544 454 2579 manu
471 2527 577 2580 diducit:
587 2545 612 2579 at
625 2533 689 2580 intus
808 2553 856 2602 5⁶0

79 2605 254 2670 Infantemque
265 2604 348 2656 vident
359 2640 368 2664 ‚
379 2609 591 2674 apporrebiumquel
602 2605 741 2660 draconem.

81 2687 140 2735 aua
155 2683 215 2733 Dea·
227 2682 306 2732 refero
316 2701 322 2734 ε
331 2699 374 2749 pto
386 2701 434 2750 quo
442 2687 501 2734 mihi
512 2688 588 2752 gratia
599 2685 652 2734 talis

82 2759 223 2821 Redditur,
244 2775 271 2810 ut
286 2758 351 2810 dicar
359 2761 434 2810 tuteli
445 2763 512 2826 pulsa
525 2764 656 2819 Minervae3

83 2839 116 2892 Et
128 2855 206 2904 ponar
217 2838 353 2902 postrouts
364 2855 440 2888 avem.
454 2841 509 2888 Mea
517 2855 588 2903 penna
598 2837 706 2886 volucres

84 2913 244 2971 Adrnonuiile
261 2915 356 2985 potest,
372 2933 402 2968 nc
415 2932 475 2968 voce
488 2917 594 2984 pericula
604 2927 722 2986 qttaraut·
810 2921 852 2970 (εἰ
