2056 3706
195 235 305 302 16·P.
339 233 541 302 Orruit
567 235 806 303 NAroura

219 357 307 408 Cetera
324 355 423 408 diversis
437 355 508 407 tellus
520 356 635 406 animalia
647 356 733 406 formis

187 435 276 500 Sponte
286 435 328 484 sui
337 438 427 500 peperit
439 453 445 484 r
458 436 510 500 post
520 434 596 502 quim
608 449 677 486 vetus
688 437 778 486 humor
792 433 821 484 ab
833 433 890 499 igne

187 513 306 561 Percaluit
321 513 401 573 Solis,
416 529 561 579 coenumque
573 511 673 580 udaque
684 512 781 578 paludes

187 589 324 640 Intumuere
335 591 407 651 aliut
427 589 578 656 fecundaque
593 593 773 643 seminaturum

136 669 270 719 4²0Vivaci
282 672 371 720 nutrita
382 671 435 720 solo
446 705 454 731 ‚
473 687 517 720 ceu
528 674 611 722 matris
622 674 648 720 in
662 669 735 724 alvo»

186 745 320 796 Creverunt
332 781 340 810 ,
352 747 487 814 faciemque
497 749 603 814 aliquam
613 764 694 813 cepere
709 744 841 796 morando.

186 826 276 873 Sicubi
291 823 393 876 deseruit
407 825 519 876 madidos
532 825 685 892 septemfluus
695 841 765 891 agros.

186 902 272 963 Nilus,
288 907 313 952 it
324 908 423 970 antiquo
434 906 475 954 sua
488 903 588 954 flumina
599 902 704 954 reddidit
718 903 805 963 alveu0

102 1033 108 1044 ,
185 979 346 1048 AEthereoque
353 999 435 1032 recens
444 986 530 1032 exarsit
540 980 616 1032 sidere
626 982 715 1041 limus3

134 1063 179 1110 4²5
184 1059 290 1110 Plurima
303 1060 406 1110 cultores
416 1063 488 1110 vertis
499 1061 614 1119 animalia
625 1057 701 1125 glebis

184 1137 326 1198 inveniunt,
339 1142 364 1188 δι
374 1141 401 1188 in
410 1141 446 1188 his
456 1137 566 1204 quedam
577 1136 653 1188 modd
664 1151 758 1202 coepta,
770 1134 812 1186 sub
824 1135 902 1200 ipsum

184 1214 304 1266 Nascendi
314 1218 434 1282 spatiumt
445 1215 558 1282 quedam
570 1215 723 1281 imperitiis,
735 1216 828 1279 suisque

184 1293 280 1342 Trunca
294 1293 377 1344 vident
388 1297 509 1344 numetis:
526 1300 550 1346 δι
563 1293 649 1345 eodem
657 1295 792 1356 incorpore
804 1292 863 1355 sape

186 1371 265 1420 Altera
278 1387 331 1436 pars
342 1374 418 1432 vivit,
431 1370 496 1420 rudis
507 1373 540 1420 est
552 1388 603 1436 pars
612 1373 686 1422 altera
694 1369 773 1420 tellus.

136 1447 280 1512 430Quippe
291 1449 332 1496 ubi
343 1451 483 1513 temperiem
498 1451 600 1498 sumsere
612 1451 747 1514 humorque
755 1445 888 1512 calorque,

187 1525 351 1591 Concipiuntt
371 1529 396 1575 δι
406 1529 436 1576 ab
446 1529 482 1576 his
492 1531 603 1576 oriuntur
614 1529 698 1576 cunsia
708 1523 802 1574 duobus
813 1541 820 1572 e

186 1602 299 1669 Cumque
307 1607 338 1654 sit
346 1607 407 1670 ignis
415 1621 482 1671 aqua
492 1621 602 1670 pugnax,
614 1620 688 1669 vapor
696 1599 809 1652 humidus
819 1617 904 1654 omnes

186 1681 231 1730 Res
243 1697 319 1736 creat,
336 1687 360 1732 δι
379 1681 468 1732 discors
477 1681 607 1732 concordia
620 1682 707 1732 fetibus
716 1695 772 1746 apta
782 1680 823 1730 eil.

186 1757 249 1822 Ergo
267 1761 307 1808 ubi
320 1795 329 1820 ‚
343 1759 435 1812 diluvio
447 1761 517 1810 tellus
527 1761 646 1811 lutulenta
656 1763 760 1821 recenti,

135 1837 164 1880 si
172 1837 180 1880 i
185 1835 279 1886 Solibus
291 1840 397 1888 aethereis
408 1839 521 1905 almoque
531 1838 655 1889 recanduit
667 1839 737 1897 estut

184 1912 269 1964 Edidit
281 1917 417 1968 innumeras
428 1920 514 1982 species
526 1922 677 1984 :partimque
688 1917 774 1982 figuras

185 1991 277 2044 Retulit
291 1998 400 2061 antiquas
412 2013 420 2053 t
435 1997 523 2060 partim
535 2012 599 2048 nova
609 1995 713 2052 monstra
723 1997 820 2045 creavit.

185 2068 230 2118 Illa
239 2071 337 2137 quidem
352 2073 447 2131 nollet,
460 2072 501 2122 sed
517 2087 540 2122 te
552 2089 665 2139 quoque,
678 2077 782 2122 maxime
792 2073 889 2136 Python
925 2115 926 2118 ,

185 2147 250 2197 Turn
261 2153 360 2214 genuit:
371 2150 512 2216 populisque
523 2155 609 2211 novis,
620 2154 745 2216 incognita
758 2153 869 2218 serpens,

134 2223 272 2294 ⁴440Terror
286 2242 335 2274 eras
346 2245 352 2274 t
365 2241 458 2276 tantum
469 2231 538 2293 spatii
550 2227 675 2280 demente
687 2231 791 2280 tenebas.

184 2301 252 2350 Hanc
262 2302 327 2352 Deus
338 2307 485 2365 arcitenens,
498 2311 521 2356 &
534 2323 667 2373 numquam
678 2309 764 2358 talibus
774 2311 847 2360 armis

182 2379 244 2428 Ante
254 2415 262 2439 ,
277 2384 322 2430 uisi
332 2386 358 2432 in
368 2381 443 2434 damis
452 2387 590 2450 capreisque
605 2385 729 2450 fugacibus
739 2421 747 2446 ‚
764 2379 835 2448 usus,
920 2439 935 2450 x

183 2455 254 2506 Mille
264 2474 360 2522 gravem
372 2461 424 2510 telis
436 2495 445 2522 ‚
456 2462 567 2512 exhausti
583 2480 649 2528 pent
663 2463 792 2528 pharetri,

183 2533 306 2592 Perdidit,
326 2536 401 2588 effuso
416 2557 457 2604 per
466 2541 566 2592 vulnera
580 2544 648 2607 nigra
660 2558 762 2592 veneno.

134 2613 250 2676 445Neve
263 2619 341 2679 operis
356 2616 444 2666 famarm
457 2622 531 2683 possit
545 2617 624 2670 delere
637 2619 738 2672 vetustas
746 2653 757 2680 ,

182 2691 285 2742 Instituit
302 2695 379 2744 sacros
395 2695 483 2746 celebri
493 2699 621 2748 certamine
633 2695 720 2752 ludos,

182 2768 282 2829 Pythia,
297 2768 327 2819 de
346 2770 444 2822 domitae
457 2776 569 2839 serpentis
582 2779 679 2826 nomine
690 2774 775 2825 dislos.

181 2844 224 2892 liis
240 2849 353 2910 juvenum
365 2854 510 2917 quicumque
521 2869 610 2912 manu,
626 2852 769 2918 pedibusve,
781 2855 866 2910 rotlve

179 2922 287 2988 Vicerat5
306 2927 403 2980 esculea·
414 2931 522 2998 capiebat
532 2929 625 2988 frondis
635 2933 764 2990 honorem.
