<?xml version="1.0" encoding="UTF-8"?>
<!DOCTYPE html PUBLIC "-//W3C//DTD XHTML 1.0 Transitional//EN"
    "http://www.w3.org/TR/xhtml1/DTD/xhtml1-transitional.dtd">
<html xmlns="http://www.w3.org/1999/xhtml" xml:lang="en" lang="en">
 <head>
  <title>
</title>
<meta http-equiv="Content-Type" content="text/html;charset=utf-8" />
  <meta name='ocr-system' content='tesseract 3.04.00' />
  <meta name='ocr-capabilities' content='ocr_page ocr_carea ocr_par ocr_line ocrx_word'/>
</head>
<body>
  <div class='ocr_page' id='page_1' title='image "./povidiinasoniso06ovidgoog_0263.png"; bbox 0 0 2036 3714; ppageno 0'>
   <div class='ocr_carea' id='block_1_1' title="bbox 226 281 816 378">
    <p class='ocr_par' dir='ltr' id='par_1_1' title="bbox 226 281 816 378">
     <span class='ocr_line' id='line_1_1' title="bbox 226 281 816 378; baseline -0.005 -21"><span class='ocrx_word' id='word_1_1' title='bbox 226 295 295 378; x_wconf 81' lang='lat'>256</span> <span class='ocrx_word' id='word_1_2' title='bbox 367 285 411 359; x_wconf 87' lang='lat' dir='ltr'>P.</span> <span class='ocrx_word' id='word_1_3' title='bbox 436 281 591 356; x_wconf 69' lang='lat' dir='ltr'>Ournir</span> <span class='ocrx_word' id='word_1_4' title='bbox 613 287 816 356; x_wconf 65' lang='lat' dir='ltr'>Nasonis</span> 
     </span>
    </p>
   </div>
   <div class='ocr_carea' id='block_1_2' title="bbox 177 407 907 863">
    <p class='ocr_par' dir='ltr' id='par_1_2' title="bbox 222 407 905 475">
     <span class='ocr_line' id='line_1_2' title="bbox 222 407 905 475; baseline -0.01 -15"><span class='ocrx_word' id='word_1_5' title='bbox 222 407 340 475; x_wconf 68' lang='lat' dir='ltr'>Canaque</span> <span class='ocrx_word' id='word_1_6' title='bbox 358 425 407 460; x_wconf 84' lang='lat' dir='ltr'>nox</span> <span class='ocrx_word' id='word_1_7' title='bbox 418 413 532 475; x_wconf 86' lang='lat' dir='ltr'>prenrirur</span> <span class='ocrx_word' id='word_1_8' title='bbox 542 411 644 459; x_wconf 85' lang='lat' dir='ltr'>tenebris</span> <span class='ocrx_word' id='word_1_9' title='bbox 654 412 791 475; x_wconf 72' lang='lat' dir='ltr'>hiemisque</span> <span class='ocrx_word' id='word_1_10' title='bbox 805 408 905 471; x_wconf 76' lang='lat' dir='ltr'>suisque.</span> 
     </span>
    </p>

    <p class='ocr_par' dir='ltr' id='par_1_3' title="bbox 221 483 907 552">
     <span class='ocr_line' id='line_1_3' title="bbox 221 483 907 552; baseline -0.01 -16"><span class='ocrx_word' id='word_1_11' title='bbox 221 485 360 536; x_wconf 81' lang='lat' dir='ltr'>Discutiunt</span> <span class='ocrx_word' id='word_1_12' title='bbox 374 501 454 536; x_wconf 86' lang='lat' dir='ltr'>tamen</span> <span class='ocrx_word' id='word_1_13' title='bbox 465 490 522 547; x_wconf 86' lang='lat' dir='ltr'>has,</span> <span class='ocrx_word' id='word_1_14' title='bbox 534 487 686 552; x_wconf 74' lang='lat' dir='ltr'>praebentque</span> <span class='ocrx_word' id='word_1_15' title='bbox 696 489 814 534; x_wconf 78' lang='lat' dir='ltr'>micantia</span> <span class='ocrx_word' id='word_1_16' title='bbox 827 483 907 532; x_wconf 80' lang='lat' dir='ltr'>lumen</span> 
     </span>
    </p>

    <p class='ocr_par' dir='ltr' id='par_1_4' title="bbox 220 560 814 628">
     <span class='ocr_line' id='line_1_4' title="bbox 220 560 814 628; baseline -0.003 -16"><span class='ocrx_word' id='word_1_17' title='bbox 220 564 331 614; x_wconf 77' lang='lat' dir='ltr'>Fulmina</span> <span class='ocrx_word' id='word_1_18' title='bbox 343 581 349 612; x_wconf 76' lang='lat' dir='ltr'>r</span> <span class='ocrx_word' id='word_1_19' title='bbox 361 564 482 614; x_wconf 83' lang='lat' dir='ltr'>fulmineis</span> <span class='ocrx_word' id='word_1_20' title='bbox 492 562 618 612; x_wconf 80' lang='lat' dir='ltr'>ardescunt</span> <span class='ocrx_word' id='word_1_21' title='bbox 626 565 722 628; x_wconf 65' lang='lat' dir='ltr'>ignibus</span> <span class='ocrx_word' id='word_1_22' title='bbox 733 560 814 612; x_wconf 68' lang='lat' dir='ltr'>unde.</span> 
     </span>
    </p>

    <p class='ocr_par' dir='ltr' id='par_1_5' title="bbox 177 641 897 784">
     <span class='ocr_line' id='line_1_5' title="bbox 223 641 856 709; baseline -0.006 -19"><span class='ocrx_word' id='word_1_23' title='bbox 223 642 272 692; x_wconf 88' lang='lat' dir='ltr'>Dat</span> <span class='ocrx_word' id='word_1_24' title='bbox 282 660 379 709; x_wconf 90' lang='lat' dir='ltr'>quoque</span> <span class='ocrx_word' id='word_1_25' title='bbox 395 647 444 708; x_wconf 85' lang='lat' dir='ltr'>jam</span> <span class='ocrx_word' id='word_1_26' title='bbox 458 641 532 690; x_wconf 83' lang='lat' dir='ltr'>saltus</span> <span class='ocrx_word' id='word_1_27' title='bbox 542 645 604 690; x_wconf 86' lang='lat' dir='ltr'>intra</span> <span class='ocrx_word' id='word_1_28' title='bbox 614 655 673 692; x_wconf 86' lang='lat' dir='ltr'>cava</span> <span class='ocrx_word' id='word_1_29' title='bbox 688 655 753 690; x_wconf 85' lang='lat' dir='ltr'>texta</span> <span class='ocrx_word' id='word_1_30' title='bbox 768 643 856 687; x_wconf 68' lang='lat' dir='ltr'>carine</span> 
     </span>
     <span class='ocr_line' id='line_1_6' title="bbox 177 715 897 784; baseline -0.008 -16"><span class='ocrx_word' id='word_1_31' title='bbox 177 719 218 764; x_wconf 85' lang='lat' dir='ltr'>l²l</span> <span class='ocrx_word' id='word_1_32' title='bbox 225 721 318 770; x_wconf 77' lang='lat' dir='ltr'>Flusius</span> <span class='ocrx_word' id='word_1_33' title='bbox 328 741 335 769; x_wconf 71' lang='grc' dir='ltr'><strong><em>ε</em></strong></span> <span class='ocrx_word' id='word_1_34' title='bbox 349 725 390 780; x_wconf 86' lang='lat'>&amp;,</span> <span class='ocrx_word' id='word_1_35' title='bbox 401 735 428 769; x_wconf 91' lang='lat' dir='ltr'>ur</span> <span class='ocrx_word' id='word_1_36' title='bbox 438 719 524 778; x_wconf 82' lang='lat' dir='ltr'>miles,</span> <span class='ocrx_word' id='word_1_37' title='bbox 539 735 641 768; x_wconf 88' lang='lat' dir='ltr'>numero</span> <span class='ocrx_word' id='word_1_38' title='bbox 651 719 801 784; x_wconf 70' lang='lat' dir='ltr'>prestantior</span> <span class='ocrx_word' id='word_1_39' title='bbox 811 715 897 774; x_wconf 84' lang='lat' dir='ltr'>omni,</span> 
     </span>
    </p>

    <p class='ocr_par' dir='ltr' id='par_1_6' title="bbox 225 795 802 863">
     <span class='ocr_line' id='line_1_7' title="bbox 225 795 802 863; baseline -0.009 -16"><span class='ocrx_word' id='word_1_40' title='bbox 225 797 290 848; x_wconf 86' lang='lat' dir='ltr'>Ctlm</span> <span class='ocrx_word' id='word_1_41' title='bbox 301 801 361 863; x_wconf 78' lang='lat' dir='ltr'>saepe</span> <span class='ocrx_word' id='word_1_42' title='bbox 371 797 462 847; x_wconf 79' lang='lat' dir='ltr'>assiluit</span> <span class='ocrx_word' id='word_1_43' title='bbox 477 795 579 846; x_wconf 75' lang='lat' dir='ltr'>defense</span> <span class='ocrx_word' id='word_1_44' title='bbox 590 796 709 845; x_wconf 77' lang='lat' dir='ltr'>monibus</span> <span class='ocrx_word' id='word_1_45' title='bbox 720 797 802 853; x_wconf 88' lang='lat' dir='ltr'>urbis,</span> 
     </span>
    </p>
   </div>
   <div class='ocr_carea' id='block_1_3' title="bbox 224 873 870 1086">
    <p class='ocr_par' dir='ltr' id='par_1_7' title="bbox 224 873 870 1086">
     <span class='ocr_line' id='line_1_8' title="bbox 224 873 870 940; baseline -0.006 -16"><span class='ocrx_word' id='word_1_46' title='bbox 224 877 269 939; x_wconf 81' lang='lat' dir='ltr'>Spe</span> <span class='ocrx_word' id='word_1_47' title='bbox 280 879 372 940; x_wconf 83' lang='lat' dir='ltr'>potitur</span> <span class='ocrx_word' id='word_1_48' title='bbox 384 875 496 935; x_wconf 80' lang='lat' dir='ltr'>raudem3</span> <span class='ocrx_word' id='word_1_49' title='bbox 513 873 635 939; x_wconf 81' lang='lat' dir='ltr'>laudisque</span> <span class='ocrx_word' id='word_1_50' title='bbox 647 875 758 922; x_wconf 84' lang='lat' dir='ltr'>accensus</span> <span class='ocrx_word' id='word_1_51' title='bbox 768 887 870 932; x_wconf 84' lang='lat' dir='ltr'>amore,</span> 
     </span>
     <span class='ocr_line' id='line_1_9' title="bbox 224 947 850 1012; baseline -0.006 -15"><span class='ocrx_word' id='word_1_52' title='bbox 224 949 289 998; x_wconf 85' lang='lat' dir='ltr'>luter</span> <span class='ocrx_word' id='word_1_53' title='bbox 298 950 366 999; x_wconf 90' lang='lat' dir='ltr'>mille</span> <span class='ocrx_word' id='word_1_54' title='bbox 376 953 439 999; x_wconf 86' lang='lat' dir='ltr'>viros</span> <span class='ocrx_word' id='word_1_55' title='bbox 449 965 545 998; x_wconf 87' lang='lat' dir='ltr'>murum</span> <span class='ocrx_word' id='word_1_56' title='bbox 556 947 653 998; x_wconf 88' lang='lat' dir='ltr'>tandem</span> <span class='ocrx_word' id='word_1_57' title='bbox 663 961 768 1012; x_wconf 84' lang='lat' dir='ltr'>occupat</span> <span class='ocrx_word' id='word_1_58' title='bbox 778 962 850 994; x_wconf 65' lang='lat' dir='ltr'>unus</span> 
     </span>
     <span class='ocr_line' id='line_1_10' title="bbox 225 1019 826 1086; baseline -0.002 -18"><span class='ocrx_word' id='word_1_59' title='bbox 225 1022 262 1069; x_wconf 78' lang='lat' dir='ltr'>Sic</span> <span class='ocrx_word' id='word_1_60' title='bbox 284 1023 324 1070; x_wconf 90' lang='lat' dir='ltr'>ubi</span> <span class='ocrx_word' id='word_1_61' title='bbox 339 1023 462 1086; x_wconf 86' lang='lat' dir='ltr'>pulsarunt</span> <span class='ocrx_word' id='word_1_62' title='bbox 477 1037 541 1070; x_wconf 86' lang='lat' dir='ltr'>acres</span> <span class='ocrx_word' id='word_1_63' title='bbox 552 1021 624 1070; x_wconf 89' lang='lat' dir='ltr'>latera</span> <span class='ocrx_word' id='word_1_64' title='bbox 635 1019 708 1070; x_wconf 90' lang='lat' dir='ltr'>ardua</span> <span class='ocrx_word' id='word_1_65' title='bbox 720 1019 826 1078; x_wconf 65' lang='lat' dir='ltr'>lindius,</span> 
     </span>
    </p>
   </div>
   <div class='ocr_carea' id='block_1_4' title="bbox 125 1095 942 2799">
    <p class='ocr_par' dir='ltr' id='par_1_8' title="bbox 179 1095 939 1478">
     <span class='ocr_line' id='line_1_11' title="bbox 179 1095 918 1165; baseline -0.007 -15"><span class='ocrx_word' id='word_1_66' title='bbox 179 1098 317 1152; x_wconf 67' lang='lat' dir='ltr'>iuvantis</span> <span class='ocrx_word' id='word_1_67' title='bbox 325 1101 446 1165; x_wconf 76' lang='lat' dir='ltr'>insurgens</span> <span class='ocrx_word' id='word_1_68' title='bbox 456 1097 555 1148; x_wconf 80' lang='lat' dir='ltr'>decimae</span> <span class='ocrx_word' id='word_1_69' title='bbox 566 1102 613 1147; x_wconf 89' lang='lat' dir='ltr'>ruit</span> <span class='ocrx_word' id='word_1_70' title='bbox 624 1101 727 1162; x_wconf 88' lang='lat' dir='ltr'>impetus</span> <span class='ocrx_word' id='word_1_71' title='bbox 739 1095 827 1156; x_wconf 73' lang='lat' dir='ltr'>und23</span> <span class='ocrx_word' id='word_1_72' title='bbox 916 1113 918 1120; x_wconf 70' lang='grc'>’</span> 
     </span>
     <span class='ocr_line' id='line_1_12' title="bbox 225 1175 846 1243; baseline 0 -17"><span class='ocrx_word' id='word_1_73' title='bbox 225 1177 276 1226; x_wconf 90' lang='lat' dir='ltr'>Nec</span> <span class='ocrx_word' id='word_1_74' title='bbox 290 1178 353 1243; x_wconf 77' lang='lat' dir='ltr'>priris</span> <span class='ocrx_word' id='word_1_75' title='bbox 370 1179 460 1228; x_wconf 85' lang='lat' dir='ltr'>absistit</span> <span class='ocrx_word' id='word_1_76' title='bbox 476 1175 560 1228; x_wconf 78' lang='lat' dir='ltr'>sellam</span> <span class='ocrx_word' id='word_1_77' title='bbox 570 1195 707 1243; x_wconf 80' lang='lat' dir='ltr'>oppugnare</span> <span class='ocrx_word' id='word_1_78' title='bbox 720 1181 846 1239; x_wconf 83' lang='lat' dir='ltr'>carinam,</span> 
     </span>
     <span class='ocr_line' id='line_1_13' title="bbox 225 1253 828 1322; baseline 0 -18"><span class='ocrx_word' id='word_1_79' title='bbox 225 1253 306 1314; x_wconf 79' lang='lat' dir='ltr'>Qudrn</span> <span class='ocrx_word' id='word_1_80' title='bbox 317 1256 418 1306; x_wconf 85' lang='lat' dir='ltr'>velutin</span> <span class='ocrx_word' id='word_1_81' title='bbox 428 1271 502 1322; x_wconf 78' lang='lat' dir='ltr'>capre</span> <span class='ocrx_word' id='word_1_82' title='bbox 511 1254 638 1306; x_wconf 81' lang='lat' dir='ltr'>descendat</span> <span class='ocrx_word' id='word_1_83' title='bbox 649 1259 740 1306; x_wconf 66' lang='lat' dir='ltr'>munia</span> <span class='ocrx_word' id='word_1_84' title='bbox 749 1260 828 1304; x_wconf 80' lang='lat' dir='ltr'>navis.</span> 
     </span>
     <span class='ocr_line' id='line_1_14' title="bbox 225 1331 804 1400; baseline 0.002 -19"><span class='ocrx_word' id='word_1_85' title='bbox 225 1333 279 1382; x_wconf 82' lang='lat' dir='ltr'>Pars</span> <span class='ocrx_word' id='word_1_86' title='bbox 291 1337 363 1400; x_wconf 81' lang='lat' dir='ltr'>igitur</span> <span class='ocrx_word' id='word_1_87' title='bbox 375 1337 481 1384; x_wconf 84' lang='lat' dir='ltr'>tentabat</span> <span class='ocrx_word' id='word_1_88' title='bbox 490 1331 568 1384; x_wconf 83' lang='lat' dir='ltr'>adhuc</span> <span class='ocrx_word' id='word_1_89' title='bbox 577 1333 690 1386; x_wconf 82' lang='lat' dir='ltr'>invadere</span> <span class='ocrx_word' id='word_1_90' title='bbox 701 1338 804 1400; x_wconf 65' lang='lat' dir='ltr'>pinum,</span> 
     </span>
     <span class='ocr_line' id='line_1_15' title="bbox 225 1410 939 1478; baseline 0.001 -20"><span class='ocrx_word' id='word_1_91' title='bbox 225 1411 280 1460; x_wconf 88' lang='lat' dir='ltr'>Pars</span> <span class='ocrx_word' id='word_1_92' title='bbox 293 1415 364 1460; x_wconf 82' lang='lat' dir='ltr'>maris</span> <span class='ocrx_word' id='word_1_93' title='bbox 374 1415 438 1462; x_wconf 88' lang='lat' dir='ltr'>intus</span> <span class='ocrx_word' id='word_1_94' title='bbox 449 1427 506 1462; x_wconf 88' lang='lat' dir='ltr'>erat.</span> <span class='ocrx_word' id='word_1_95' title='bbox 517 1411 650 1478; x_wconf 81' lang='lat' dir='ltr'>Trepidant</span> <span class='ocrx_word' id='word_1_96' title='bbox 660 1411 724 1462; x_wconf 84' lang='lat' dir='ltr'>haud</span> <span class='ocrx_word' id='word_1_97' title='bbox 736 1410 831 1476; x_wconf 71' lang='lat' dir='ltr'>segnitie</span> <span class='ocrx_word' id='word_1_98' title='bbox 842 1421 939 1469; x_wconf 77' lang='lat' dir='ltr'>omnes,</span> 
     </span>
    </p>

    <p class='ocr_par' dir='ltr' id='par_1_9' title="bbox 179 1487 941 1866">
     <span class='ocr_line' id='line_1_16' title="bbox 179 1487 886 1550; baseline -0.006 -11"><span class='ocrx_word' id='word_1_99' title='bbox 179 1487 306 1548; x_wconf 75' lang='lat' dir='ltr'>ieruam</span> <span class='ocrx_word' id='word_1_100' title='bbox 316 1489 377 1538; x_wconf 87' lang='lat' dir='ltr'>solet</span> <span class='ocrx_word' id='word_1_101' title='bbox 387 1491 459 1550; x_wconf 74' lang='lat' dir='ltr'>urus,</span> <span class='ocrx_word' id='word_1_102' title='bbox 470 1489 523 1538; x_wconf 89' lang='lat' dir='ltr'>aliis</span> <span class='ocrx_word' id='word_1_103' title='bbox 533 1506 628 1539; x_wconf 88' lang='lat' dir='ltr'>murum</span> <span class='ocrx_word' id='word_1_104' title='bbox 638 1489 786 1539; x_wconf 83' lang='lat' dir='ltr'>fodientibus</span> <span class='ocrx_word' id='word_1_105' title='bbox 798 1503 865 1536; x_wconf 85' lang='lat' dir='ltr'>extra</span> <span class='ocrx_word' id='word_1_106' title='bbox 878 1523 886 1547; x_wconf 91' lang='lat'>‚</span> 
     </span>
     <span class='ocr_line' id='line_1_17' title="bbox 225 1565 895 1632; baseline -0.004 -16"><span class='ocrx_word' id='word_1_107' title='bbox 225 1567 304 1632; x_wconf 76' lang='lat' dir='ltr'>Atque</span> <span class='ocrx_word' id='word_1_108' title='bbox 321 1566 374 1626; x_wconf 75' lang='lat' dir='ltr'>aliis</span> <span class='ocrx_word' id='word_1_109' title='bbox 385 1583 496 1626; x_wconf 89' lang='lat' dir='ltr'>murum,</span> <span class='ocrx_word' id='word_1_110' title='bbox 515 1565 648 1632; x_wconf 84' lang='lat' dir='ltr'>trepidare,</span> <span class='ocrx_word' id='word_1_111' title='bbox 668 1568 804 1616; x_wconf 87' lang='lat' dir='ltr'>tenentibus</span> <span class='ocrx_word' id='word_1_112' title='bbox 821 1570 895 1614; x_wconf 83' lang='lat' dir='ltr'>intus.</span> 
     </span>
     <span class='ocr_line' id='line_1_18' title="bbox 224 1641 940 1710; baseline -0.006 -16"><span class='ocrx_word' id='word_1_113' title='bbox 224 1643 315 1694; x_wconf 85' lang='lat' dir='ltr'>Deficit</span> <span class='ocrx_word' id='word_1_114' title='bbox 325 1661 377 1704; x_wconf 86' lang='lat' dir='ltr'>ars,</span> <span class='ocrx_word' id='word_1_115' title='bbox 390 1648 512 1710; x_wconf 83' lang='lat' dir='ltr'>animique</span> <span class='ocrx_word' id='word_1_116' title='bbox 522 1644 612 1695; x_wconf 90' lang='lat' dir='ltr'>cadunt</span> <span class='ocrx_word' id='word_1_117' title='bbox 624 1665 630 1694; x_wconf 77' lang='lat' dir='ltr'>r</span> <span class='ocrx_word' id='word_1_118' title='bbox 645 1644 794 1710; x_wconf 89' lang='lat' dir='ltr'>totidemque</span> <span class='ocrx_word' id='word_1_119' title='bbox 815 1641 940 1696; x_wconf 85' lang='lat' dir='ltr'>videntur.</span> 
     </span>
     <span class='ocr_line' id='line_1_19' title="bbox 226 1719 924 1788; baseline -0.003 -18"><span class='ocrx_word' id='word_1_120' title='bbox 226 1721 293 1780; x_wconf 85' lang='lat' dir='ltr'>Quot</span> <span class='ocrx_word' id='word_1_121' title='bbox 307 1719 514 1782; x_wconf 70' lang='lat' dir='ltr'>veneraturum,</span> <span class='ocrx_word' id='word_1_122' title='bbox 526 1739 595 1771; x_wconf 87' lang='lat' dir='ltr'>ruere</span> <span class='ocrx_word' id='word_1_123' title='bbox 603 1737 674 1788; x_wconf 90' lang='lat' dir='ltr'>arque</span> <span class='ocrx_word' id='word_1_124' title='bbox 684 1726 816 1786; x_wconf 85' lang='lat' dir='ltr'>irrumpere</span> <span class='ocrx_word' id='word_1_125' title='bbox 828 1735 924 1770; x_wconf 88' lang='lat' dir='ltr'>mortes.</span> 
     </span>
     <span class='ocr_line' id='line_1_20' title="bbox 226 1799 941 1866; baseline -0.007 -16"><span class='ocrx_word' id='word_1_126' title='bbox 226 1799 283 1850; x_wconf 85' lang='lat' dir='ltr'>Non</span> <span class='ocrx_word' id='word_1_127' title='bbox 291 1815 357 1850; x_wconf 85' lang='lat' dir='ltr'>tener</span> <span class='ocrx_word' id='word_1_128' title='bbox 367 1802 406 1849; x_wconf 90' lang='lat' dir='ltr'>hic</span> <span class='ocrx_word' id='word_1_129' title='bbox 417 1801 548 1863; x_wconf 81' lang='lat' dir='ltr'>lacrymas,</span> <span class='ocrx_word' id='word_1_130' title='bbox 564 1801 639 1866; x_wconf 83' lang='lat' dir='ltr'>liuper</span> <span class='ocrx_word' id='word_1_131' title='bbox 649 1803 687 1848; x_wconf 89' lang='lat' dir='ltr'>hic</span> <span class='ocrx_word' id='word_1_132' title='bbox 696 1819 702 1848; x_wconf 78' lang='lat' dir='ltr'>r</span> <span class='ocrx_word' id='word_1_133' title='bbox 712 1815 783 1850; x_wconf 83' lang='lat' dir='ltr'>vocat</span> <span class='ocrx_word' id='word_1_134' title='bbox 794 1799 837 1848; x_wconf 89' lang='lat' dir='ltr'>ille</span> <span class='ocrx_word' id='word_1_135' title='bbox 847 1801 941 1850; x_wconf 83' lang='lat' dir='ltr'>beatos.</span> 
     </span>
    </p>

    <p class='ocr_par' dir='ltr' id='par_1_10' title="bbox 182 1877 934 2102">
     <span class='ocr_line' id='line_1_21' title="bbox 182 1877 875 1945; baseline -0.006 -17"><span class='ocrx_word' id='word_1_136' title='bbox 182 1880 321 1929; x_wconf 77' lang='lat' dir='ltr'>54⁰Funera</span> <span class='ocrx_word' id='word_1_137' title='bbox 330 1897 391 1945; x_wconf 84' lang='lat' dir='ltr'>quos</span> <span class='ocrx_word' id='word_1_138' title='bbox 407 1895 536 1930; x_wconf 87' lang='lat' dir='ltr'>maneant:</span> <span class='ocrx_word' id='word_1_139' title='bbox 548 1883 586 1930; x_wconf 86' lang='lat' dir='ltr'>hic</span> <span class='ocrx_word' id='word_1_140' title='bbox 600 1884 662 1930; x_wconf 81' lang='lat' dir='ltr'>rotis</span> <span class='ocrx_word' id='word_1_141' title='bbox 674 1897 764 1929; x_wconf 89' lang='lat' dir='ltr'>numen</span> <span class='ocrx_word' id='word_1_142' title='bbox 774 1877 875 1936; x_wconf 87' lang='lat' dir='ltr'>adorat,</span> 
     </span>
     <span class='ocr_line' id='line_1_22' title="bbox 225 1953 934 2024; baseline -0.008 -18"><span class='ocrx_word' id='word_1_143' title='bbox 225 1956 372 2024; x_wconf 85' lang='lat' dir='ltr'>Brachiaque</span> <span class='ocrx_word' id='word_1_144' title='bbox 382 1956 413 2007; x_wconf 94' lang='lat' dir='ltr'>ad</span> <span class='ocrx_word' id='word_1_145' title='bbox 423 1959 513 2008; x_wconf 82' lang='lat' dir='ltr'>coelurn</span> <span class='ocrx_word' id='word_1_146' title='bbox 523 1993 530 2018; x_wconf 91' lang='lat'>,</span> <span class='ocrx_word' id='word_1_147' title='bbox 542 1958 608 2023; x_wconf 88' lang='lat' dir='ltr'>quod</span> <span class='ocrx_word' id='word_1_148' title='bbox 620 1975 669 2008; x_wconf 89' lang='lat' dir='ltr'>non</span> <span class='ocrx_word' id='word_1_149' title='bbox 677 1957 760 2018; x_wconf 86' lang='lat' dir='ltr'>videt,</span> <span class='ocrx_word' id='word_1_150' title='bbox 771 1959 837 2006; x_wconf 87' lang='lat' dir='ltr'>irrita</span> <span class='ocrx_word' id='word_1_151' title='bbox 846 1953 934 2003; x_wconf 83' lang='lat' dir='ltr'>tollens</span> 
     </span>
     <span class='ocr_line' id='line_1_23' title="bbox 226 2034 863 2102; baseline 0.003 -21"><span class='ocrx_word' id='word_1_152' title='bbox 226 2034 307 2084; x_wconf 88' lang='lat' dir='ltr'>Poscit</span> <span class='ocrx_word' id='word_1_153' title='bbox 316 2053 387 2100; x_wconf 89' lang='lat' dir='ltr'>opem</span> <span class='ocrx_word' id='word_1_154' title='bbox 398 2038 512 2085; x_wconf 87' lang='lat' dir='ltr'>:subeunt</span> <span class='ocrx_word' id='word_1_155' title='bbox 523 2036 559 2084; x_wconf 89' lang='lat' dir='ltr'>illi</span> <span class='ocrx_word' id='word_1_156' title='bbox 571 2036 700 2102; x_wconf 82' lang='lat' dir='ltr'>fratresque</span> <span class='ocrx_word' id='word_1_157' title='bbox 712 2051 863 2102; x_wconf 86' lang='lat' dir='ltr'>parensque·,</span> 
     </span>
    </p>

    <p class='ocr_par' dir='ltr' id='par_1_11' title="bbox 125 2109 942 2255">
     <span class='ocr_line' id='line_1_24' title="bbox 125 2109 942 2180; baseline -0.001 -20"><span class='ocrx_word' id='word_1_158' title='bbox 125 2165 128 2176; x_wconf 40' lang='lat'>‚</span> <span class='ocrx_word' id='word_1_159' title='bbox 226 2109 289 2160; x_wconf 88' lang='lat' dir='ltr'>Huic</span> <span class='ocrx_word' id='word_1_160' title='bbox 301 2127 356 2161; x_wconf 88' lang='lat' dir='ltr'>cum</span> <span class='ocrx_word' id='word_1_161' title='bbox 368 2115 506 2178; x_wconf 86' lang='lat' dir='ltr'>pignoribus</span> <span class='ocrx_word' id='word_1_162' title='bbox 517 2111 615 2172; x_wconf 85' lang='lat' dir='ltr'>domus,</span> <span class='ocrx_word' id='word_1_163' title='bbox 635 2119 658 2162; x_wconf 75' lang='lat'>3&lt;</span> <span class='ocrx_word' id='word_1_164' title='bbox 671 2113 819 2180; x_wconf 76' lang='lat' dir='ltr'>quodeuiq3</span> <span class='ocrx_word' id='word_1_165' title='bbox 835 2112 942 2161; x_wconf 79' lang='lat' dir='ltr'>reliuum</span> 
     </span>
     <span class='ocr_line' id='line_1_25' title="bbox 226 2183 736 2255; baseline 0.01 -19"><span class='ocrx_word' id='word_1_166' title='bbox 226 2189 350 2251; x_wconf 85' lang='lat' dir='ltr'>Halcyone</span> <span class='ocrx_word' id='word_1_167' title='bbox 365 2189 446 2252; x_wconf 76' lang='lat' dir='ltr'>Ciyca</span> <span class='ocrx_word' id='word_1_168' title='bbox 457 2208 552 2242; x_wconf 81' lang='lat' dir='ltr'>moret:</span> <span class='ocrx_word' id='word_1_169' title='bbox 562 2183 648 2255; x_wconf 76' lang='lat' dir='ltr'>Ciycis</span> <span class='ocrx_word' id='word_1_170' title='bbox 659 2196 683 2242; x_wconf 89' lang='lat' dir='ltr'>in</span> <span class='ocrx_word' id='word_1_171' title='bbox 695 2211 736 2242; x_wconf 89' lang='lat' dir='ltr'>ore</span> 
     </span>
    </p>

    <p class='ocr_par' dir='ltr' id='par_1_12' title="bbox 181 2265 913 2645">
     <span class='ocr_line' id='line_1_26' title="bbox 181 2265 910 2330; baseline 0.008 -16"><span class='ocrx_word' id='word_1_172' title='bbox 181 2265 354 2320; x_wconf 79' lang='lat' dir='ltr'>54iNullanisi</span> <span class='ocrx_word' id='word_1_173' title='bbox 367 2267 490 2330; x_wconf 76' lang='lat' dir='ltr'>Halcyone</span> <span class='ocrx_word' id='word_1_174' title='bbox 500 2270 532 2319; x_wconf 91' lang='lat' dir='ltr'>est</span> <span class='ocrx_word' id='word_1_175' title='bbox 543 2289 550 2318; x_wconf 75' lang='grc' dir='ltr'><strong><em>ε</em></strong></span> <span class='ocrx_word' id='word_1_176' title='bbox 562 2274 601 2329; x_wconf 75' lang='grc' dir='ltr'>δι,</span> <span class='ocrx_word' id='word_1_177' title='bbox 617 2271 671 2320; x_wconf 83' lang='lat' dir='ltr'>crlrrr</span> <span class='ocrx_word' id='word_1_178' title='bbox 684 2269 802 2320; x_wconf 85' lang='lat' dir='ltr'>desideret</span> <span class='ocrx_word' id='word_1_179' title='bbox 813 2289 888 2322; x_wconf 83' lang='lat' dir='ltr'>unam</span> <span class='ocrx_word' id='word_1_180' title='bbox 901 2305 910 2330; x_wconf 91' lang='lat'>,</span> 
     </span>
     <span class='ocr_line' id='line_1_27' title="bbox 228 2342 913 2416; baseline 0.009 -24"><span class='ocrx_word' id='word_1_181' title='bbox 228 2342 324 2395; x_wconf 89' lang='lat' dir='ltr'>Gaudet</span> <span class='ocrx_word' id='word_1_182' title='bbox 335 2343 410 2396; x_wconf 80' lang='lat' dir='ltr'>abesse</span> <span class='ocrx_word' id='word_1_183' title='bbox 422 2363 510 2397; x_wconf 83' lang='lat' dir='ltr'>tamen.</span> <span class='ocrx_word' id='word_1_184' title='bbox 527 2350 611 2398; x_wconf 70' lang='lat' dir='ltr'>Patria</span> <span class='ocrx_word' id='word_1_185' title='bbox 621 2367 717 2416; x_wconf 88' lang='lat' dir='ltr'>quoque</span> <span class='ocrx_word' id='word_1_186' title='bbox 728 2349 802 2398; x_wconf 84' lang='lat' dir='ltr'>vellet</span> <span class='ocrx_word' id='word_1_187' title='bbox 817 2349 847 2399; x_wconf 87' lang='lat' dir='ltr'>ad</span> <span class='ocrx_word' id='word_1_188' title='bbox 857 2365 913 2398; x_wconf 86' lang='lat' dir='ltr'>oras</span> 
     </span>
     <span class='ocr_line' id='line_1_28' title="bbox 228 2421 911 2490; baseline 0.012 -21"><span class='ocrx_word' id='word_1_189' title='bbox 228 2421 351 2486; x_wconf 84' lang='lat' dir='ltr'>Respicere</span> <span class='ocrx_word' id='word_1_190' title='bbox 362 2457 371 2483; x_wconf 90' lang='lat'><strong><em>,</em></strong></span> <span class='ocrx_word' id='word_1_191' title='bbox 391 2427 463 2490; x_wconf 83' lang='lat' dir='ltr'>inque</span> <span class='ocrx_word' id='word_1_192' title='bbox 474 2424 574 2476; x_wconf 89' lang='lat' dir='ltr'>domum</span> <span class='ocrx_word' id='word_1_193' title='bbox 586 2429 707 2490; x_wconf 86' lang='lat' dir='ltr'>supremos</span> <span class='ocrx_word' id='word_1_194' title='bbox 715 2445 807 2477; x_wconf 75' lang='lat' dir='ltr'>vertere</span> <span class='ocrx_word' id='word_1_195' title='bbox 818 2428 911 2477; x_wconf 78' lang='lat' dir='ltr'>vultus.</span> 
     </span>
     <span class='ocr_line' id='line_1_29' title="bbox 228 2497 853 2568; baseline 0.011 -21"><span class='ocrx_word' id='word_1_196' title='bbox 228 2497 318 2549; x_wconf 79' lang='lat' dir='ltr'>Vertirn</span> <span class='ocrx_word' id='word_1_197' title='bbox 334 2501 374 2549; x_wconf 86' lang='lat' dir='ltr'>ubi</span> <span class='ocrx_word' id='word_1_198' title='bbox 388 2505 435 2558; x_wconf 83' lang='lat' dir='ltr'>rit,</span> <span class='ocrx_word' id='word_1_199' title='bbox 452 2506 544 2552; x_wconf 88' lang='lat' dir='ltr'>nescit:</span> <span class='ocrx_word' id='word_1_200' title='bbox 559 2504 623 2552; x_wconf 74' lang='lat' dir='ltr'>tanti</span> <span class='ocrx_word' id='word_1_201' title='bbox 635 2507 751 2568; x_wconf 83' lang='lat' dir='ltr'>vertigine</span> <span class='ocrx_word' id='word_1_202' title='bbox 763 2521 853 2568; x_wconf 82' lang='lat' dir='ltr'>pontus</span> 
     </span>
     <span class='ocr_line' id='line_1_30' title="bbox 228 2575 834 2645; baseline 0.007 -19"><span class='ocrx_word' id='word_1_203' title='bbox 228 2575 327 2628; x_wconf 81' lang='lat' dir='ltr'>Fervet!</span> <span class='ocrx_word' id='word_1_204' title='bbox 348 2582 388 2634; x_wconf 64' lang='grc' dir='ltr'>δέ,</span> <span class='ocrx_word' id='word_1_205' title='bbox 405 2577 500 2630; x_wconf 70' lang='lat' dir='ltr'>inducta</span> <span class='ocrx_word' id='word_1_206' title='bbox 511 2585 582 2645; x_wconf 84' lang='lat' dir='ltr'>piceis</span> <span class='ocrx_word' id='word_1_207' title='bbox 594 2599 607 2630; x_wconf 94' lang='lat' dir='ltr'>e</span> <span class='ocrx_word' id='word_1_208' title='bbox 617 2584 718 2632; x_wconf 83' lang='lat' dir='ltr'>nubibus</span> <span class='ocrx_word' id='word_1_209' title='bbox 731 2581 834 2641; x_wconf 80' lang='lat' dir='ltr'>umbri,</span> 
     </span>
    </p>

    <p class='ocr_par' dir='ltr' id='par_1_13' title="bbox 183 2655 911 2799">
     <span class='ocr_line' id='line_1_31' title="bbox 183 2655 911 2726; baseline 0.004 -19"><span class='ocrx_word' id='word_1_210' title='bbox 183 2655 308 2710; x_wconf 76' lang='lat' dir='ltr'>rsoomne</span> <span class='ocrx_word' id='word_1_211' title='bbox 319 2655 377 2706; x_wconf 90' lang='lat' dir='ltr'>latet</span> <span class='ocrx_word' id='word_1_212' title='bbox 388 2656 492 2718; x_wconf 82' lang='lat' dir='ltr'>coelum,</span> <span class='ocrx_word' id='word_1_213' title='bbox 510 2658 677 2726; x_wconf 85' lang='lat' dir='ltr'>duplicataque</span> <span class='ocrx_word' id='word_1_214' title='bbox 688 2663 763 2710; x_wconf 77' lang='lat' dir='ltr'>nosiis</span> <span class='ocrx_word' id='word_1_215' title='bbox 776 2663 859 2725; x_wconf 81' lang='lat' dir='ltr'>imago</span> <span class='ocrx_word' id='word_1_216' title='bbox 868 2660 911 2710; x_wconf 86' lang='lat' dir='ltr'>est.</span> 
     </span>
     <span class='ocr_line' id='line_1_32' title="bbox 229 2733 777 2799; baseline 0.016 -19"><span class='ocrx_word' id='word_1_217' title='bbox 229 2733 354 2799; x_wconf 79' lang='lat' dir='ltr'>Frangitur</span> <span class='ocrx_word' id='word_1_218' title='bbox 363 2737 458 2784; x_wconf 90' lang='lat' dir='ltr'>incursu</span> <span class='ocrx_word' id='word_1_219' title='bbox 465 2738 567 2786; x_wconf 86' lang='lat' dir='ltr'>nimbosi</span> <span class='ocrx_word' id='word_1_220' title='bbox 577 2739 675 2788; x_wconf 84' lang='lat' dir='ltr'>turbinis</span> <span class='ocrx_word' id='word_1_221' title='bbox 686 2741 756 2788; x_wconf 88' lang='lat' dir='ltr'>arbos</span> <span class='ocrx_word' id='word_1_222' title='bbox 769 2756 777 2796; x_wconf 65' lang='grc' dir='ltr'><strong>ς</strong></span> 
     </span>
    </p>
   </div>
   <div class='ocr_carea' id='block_1_5' title="bbox 229 2811 933 3039">
    <p class='ocr_par' dir='ltr' id='par_1_14' title="bbox 229 2811 933 3039">
     <span class='ocr_line' id='line_1_33' title="bbox 229 2811 920 2882; baseline 0.014 -24"><span class='ocrx_word' id='word_1_223' title='bbox 229 2811 354 2876; x_wconf 75' lang='lat' dir='ltr'>frangitur</span> <span class='ocrx_word' id='word_1_224' title='bbox 365 2817 389 2862; x_wconf 87' lang='lat'>&amp;</span> <span class='ocrx_word' id='word_1_225' title='bbox 401 2817 522 2879; x_wconf 66' lang='lat' dir='ltr'>regimem</span> <span class='ocrx_word' id='word_1_226' title='bbox 534 2816 660 2882; x_wconf 87' lang='lat' dir='ltr'>spoliisque</span> <span class='ocrx_word' id='word_1_227' title='bbox 671 2818 778 2866; x_wconf 85' lang='lat' dir='ltr'>animosa</span> <span class='ocrx_word' id='word_1_228' title='bbox 788 2817 920 2882; x_wconf 77' lang='lat' dir='ltr'>lirperstaits</span> 
     </span>
     <span class='ocr_line' id='line_1_34' title="bbox 229 2886 823 2958; baseline 0.013 -24"><span class='ocrx_word' id='word_1_229' title='bbox 229 2886 395 2947; x_wconf 53' lang='lat' dir='ltr'>Unda71velnr</span> <span class='ocrx_word' id='word_1_230' title='bbox 407 2895 503 2946; x_wconf 75' lang='lat' dir='ltr'>visitis,</span> <span class='ocrx_word' id='word_1_231' title='bbox 515 2895 617 2942; x_wconf 77' lang='lat' dir='ltr'>sinuatae</span> <span class='ocrx_word' id='word_1_232' title='bbox 628 2892 727 2958; x_wconf 86' lang='lat' dir='ltr'>despicit</span> <span class='ocrx_word' id='word_1_233' title='bbox 739 2892 823 2944; x_wconf 85' lang='lat' dir='ltr'>undas.</span> 
     </span>
     <span class='ocr_line' id='line_1_35' title="bbox 229 2965 933 3039; baseline 0.01 -24"><span class='ocrx_word' id='word_1_234' title='bbox 229 2965 280 3016; x_wconf 83' lang='lat' dir='ltr'>Nee</span> <span class='ocrx_word' id='word_1_235' title='bbox 292 2965 383 3031; x_wconf 72' lang='lat' dir='ltr'>leniris,</span> <span class='ocrx_word' id='word_1_236' title='bbox 398 2969 471 3036; x_wconf 76' lang='lat' dir='ltr'>quim</span> <span class='ocrx_word' id='word_1_237' title='bbox 482 2973 501 3021; x_wconf 82' lang='lat' dir='ltr'>si</span> <span class='ocrx_word' id='word_1_238' title='bbox 512 2975 565 3039; x_wconf 86' lang='lat' dir='ltr'>quis</span> <span class='ocrx_word' id='word_1_239' title='bbox 576 2975 657 3024; x_wconf 84' lang='lat' dir='ltr'>Atlron</span> <span class='ocrx_word' id='word_1_240' title='bbox 666 2970 818 3036; x_wconf 76' lang='lat' dir='ltr'>Pindumve,</span> <span class='ocrx_word' id='word_1_241' title='bbox 829 2973 933 3026; x_wconf 73' lang='lat' dir='ltr'>revulsas</span> 
     </span>
    </p>
   </div>
   <div class='ocr_carea' id='block_1_6' title="bbox 0 0 1031 3714">
    <p class='ocr_par' dir='ltr' id='par_1_15' title="bbox 0 0 1031 3714">
     <span class='ocr_line' id='line_1_36' title="bbox 0 0 1031 3714; baseline 0 0"><span class='ocrx_word' id='word_1_242' title='bbox 0 0 1031 3714; x_wconf 95' lang='lat' dir='ltr'> </span> 
     </span>
    </p>
   </div>
  </div>
 </body>
</html>
