2036 3714
209 320 276 364 202
349 299 393 368 Ρ.
417 300 574 368 Ονιοιι
595 299 795 366 NAsoutr

157 417 296 475 ²500mnia
310 422 351 485 qui
363 421 438 479 vicit,
452 423 546 479 vincet,
558 436 618 485 quos
628 423 743 480 cernitis,
759 422 847 484 ignev,

206 497 257 546 Nec
268 500 313 546 nisi
330 498 439 548 maternal
457 497 592 546 Vulcanum
609 513 676 563 patre
684 512 812 563 potentem

205 578 296 626 Sentiet
310 596 316 626 t
330 593 445 628 aeternum
460 578 492 626 ell
503 595 537 638 ,a
554 577 675 644 mequod
690 581 782 637 traxit,
800 580 828 625 bc
846 589 924 639 expers

203 655 283 722 Atque
299 659 407 707 immune
419 660 501 713 necis,
515 657 629 724 nullique
648 656 773 708 domabile
785 653 895 704 flammi.

203 733 280 800 quue
296 752 358 801 ego,
374 735 513 786 defunctum
529 737 608 792 terra,
628 736 764 786 coelellibus
777 737 827 784 oris

155 811 344 875 ²lillccipiem‚
363 815 499 878 cunilisque
516 829 599 862 meum
616 811 719 862 laetabile
735 812 828 864 fastum

205 885 251 936 Dis
263 887 314 937 fore
327 887 426 940 confido
438 909 444 938 :
456 894 475 938 si
491 895 544 956 quis
554 905 636 941 tamen
646 890 765 950 Hercule,
784 892 804 938 si
823 890 878 954 quis

205 965 276 1014 forte
287 965 341 1016 Deo
352 965 472 1018 doliturus
482 973 527 1018 crit
537 1005 545 1029 ‚
555 967 611 1018 data
622 973 718 1034 praemia
727 969 797 1018 nolet
808 986 817 1026 3

206 1043 252 1092 Sed
266 1041 376 1094 metuill'e
392 1043 444 1095 dari
453 1048 511 1095 sciet
522 1081 530 1106 ‚
543 1049 679 1112 invitusque
690 1047 815 1112 probabit.

205 1118 325 1172 Affensere
344 1123 390 1172 Dei
403 1142 409 1172 t
421 1128 509 1190 coniux
520 1140 617 1190 quoque
630 1127 693 1189 regia
702 1123 793 1176 visaest

158 1199 293 1251 260Cetera
304 1217 353 1251 uon
368 1201 449 1263 duro,
467 1201 528 1252 duro
541 1218 621 1252 tamen
633 1203 718 1252 ultima
727 1201 799 1252 vultu

204 1277 275 1330 Diua
296 1278 374 1332 tulill'e
388 1281 470 1340 Jovis;
486 1283 557 1348 seque
567 1279 696 1330 indoluille
705 1297 828 1332 notatam.

205 1358 316 1419 interea,
332 1359 503 1426 quodcumque
521 1359 569 1410 fuit
580 1360 718 1426 populabile
735 1359 860 1423 flamma,

205 1435 326 1487 Mulciber
339 1438 485 1498 abstuleram
505 1455 549 1489 nec
566 1436 732 1504 cognoscenda
744 1443 860 1492 remansit

205 1514 314 1564 Herculis
332 1513 420 1581 effigies
427 1535 435 1577 3
454 1521 638 1584 necquicquam
650 1519 680 1566 ab
687 1521 792 1582 imagine
801 1516 901 1567 dublum

159 1589 291 1642 ²⁶5Matris
304 1593 377 1644 habet
407 1610 549 1662 tantumque
564 1596 736 1661 Jovisrelligia
747 1598 833 1646 servat.

205 1669 286 1736 thue
305 1687 381 1721 novus
393 1674 502 1740 serpens,
515 1674 594 1738 positi
611 1691 668 1724 cum
678 1674 740 1739 pelle
750 1675 866 1735 fenebri,

203 1750 332 1800 luxuriare
350 1751 432 1811 solet,
451 1752 597 1819 squamique
614 1756 689 1802 virere
702 1756 809 1813 recenti;

204 1831 263 1890 Sic,
283 1831 324 1878 ubi
343 1831 456 1880 mortales
467 1832 608 1894 Tirynthius
619 1834 685 1880 exuit
698 1845 781 1891 artus,

205 1907 273 1958 Parte
294 1909 329 1958 sui
345 1909 445 1960 meliore
456 1913 542 1976 vigtt;
561 1913 687 1976 majorque
703 1908 782 1960 videri

157 1985 309 2052 270coepit,
326 1992 351 2038 δι
365 1989 462 2054 augusti
476 1987 528 2038 fieri
543 1991 660 2054 gravitate
670 1987 796 2057 verendus.

204 2066 283 2125 Quem
296 2083 361 2132 pater
378 2071 548 2133 omnipotens,
566 2070 629 2116 inter
640 2083 697 2118 cava
706 2067 789 2116 nubila
798 2081 917 2132 raptum,

205 2142 354 2210 Quadrijugo
373 2162 443 2194 curru
459 2145 606 2196 radiantibus
619 2145 702 2194 intulit
716 2146 790 2194 astris.

190 2267 192 2272 ,
237 2224 313 2272 Sensit
324 2223 390 2272 Atlas
405 2223 507 2290 pondus.
519 2225 604 2291 Neque
615 2222 693 2274 adbuc
703 2223 853 2274 Stheneleius
863 2228 916 2277 iras

203 2301 312 2354 Solverat
321 2302 481 2366 Eurystheus,
499 2301 632 2369 odiumque
647 2306 673 2352 in
685 2302 753 2368 prole
764 2317 899 2368 paternum

153 2387 197 2434 ²75
203 2381 331 2431 Exercebat
340 2396 408 2434 atrox
422 2400 428 2430 t
440 2396 465 2430 at
475 2380 554 2446 longis
565 2384 633 2430 anxia
643 2383 705 2430 curis

202 2460 297 2524 Argolis
318 2459 448 2519 Alcmene,
461 2461 553 2526 questus
568 2463 608 2510 ubi
625 2474 699 2524 ponat
716 2458 814 2520 aniles,

204 2537 253 2587 Cui
267 2536 353 2587 referat
362 2541 412 2587 nati
431 2539 525 2588 testatos
539 2541 597 2588 orbe
607 2538 718 2598 labotes,

203 2613 281 2666 Cuive
300 2618 354 2665 suos
372 2619 454 2672 casus,
475 2617 543 2666 Iolen
561 2619 640 2668 habet.
659 2615 770 2666 Herculis
785 2616 857 2666 illam

203 2695 310 2760 imperiis
322 2730 330 2756 ‚
343 2695 497 2762 thalamoque
509 2697 638 2761 animoque
650 2710 770 2760 receperat
781 2695 872 2758 Hyllus
882 2713 894 2756 3

155 2772 361 2838 230lrnpleratque
370 2788 466 2822 uterum
479 2775 594 2840 generoso
609 2777 724 2838 germine.
743 2772 793 2823 Cui
805 2776 840 2822 sic

199 2850 248 2900 lnci
250 2853 286 2918 pit
296 2851 410 2900 Alcmene
422 2871 428 2901 ι
440 2851 545 2903 Faveant
561 2851 605 2900 tibi
615 2855 714 2900 numina
724 2850 828 2910 saltem,

201 2929 387 2996 Corripiantque
398 2947 476 2980 moras
488 2965 496 2991 ,
515 2945 567 2980 tum
578 2927 634 2979 clun
651 2943 745 2980 matuta
759 2931 862 2980 vocabis

201 3009 353 3074 Pretorium
369 3007 459 3062 timidis
468 3009 614 3076 parientibus
625 3007 748 3073 ilithyiam
758 3025 768 3069 i
