<?xml version="1.0" encoding="UTF-8"?>
<!DOCTYPE html PUBLIC "-//W3C//DTD XHTML 1.0 Transitional//EN"
    "http://www.w3.org/TR/xhtml1/DTD/xhtml1-transitional.dtd">
<html xmlns="http://www.w3.org/1999/xhtml" xml:lang="en" lang="en">
 <head>
  <title>
</title>
<meta http-equiv="Content-Type" content="text/html;charset=utf-8" />
  <meta name='ocr-system' content='tesseract 3.04.00' />
  <meta name='ocr-capabilities' content='ocr_page ocr_carea ocr_par ocr_line ocrx_word'/>
</head>
<body>
  <div class='ocr_page' id='page_1' title='image "./povidiinasoniso06ovidgoog_0199.png"; bbox 0 0 2036 3714; ppageno 0'>
   <div class='ocr_carea' id='block_1_1' title="bbox 233 257 813 347">
    <p class='ocr_par' dir='ltr' id='par_1_1' title="bbox 233 257 813 347">
     <span class='ocr_line' id='line_1_1' title="bbox 233 257 813 347; baseline 0.003 -21"><span class='ocrx_word' id='word_1_1' title='bbox 233 277 300 347; x_wconf 74' lang='lat'>¹9²</span> <span class='ocrx_word' id='word_1_2' title='bbox 372 257 415 326; x_wconf 90' lang='lat' dir='ltr'>P.</span> <span class='ocrx_word' id='word_1_3' title='bbox 442 259 595 327; x_wconf 78' lang='lat' dir='ltr'>Orrnrr</span> <span class='ocrx_word' id='word_1_4' title='bbox 614 261 813 330; x_wconf 67' lang='lat' dir='ltr'>Narours</span> 
     </span>
    </p>
   </div>
   <div class='ocr_carea' id='block_1_2' title="bbox 170 379 938 2234">
    <p class='ocr_par' dir='ltr' id='par_1_2' title="bbox 225 379 858 446">
     <span class='ocr_line' id='line_1_2' title="bbox 225 379 858 446; baseline -0.003 -12"><span class='ocrx_word' id='word_1_5' title='bbox 225 379 309 434; x_wconf 79' lang='lat' dir='ltr'>Hirrus</span> <span class='ocrx_word' id='word_1_6' title='bbox 319 397 369 432; x_wconf 90' lang='lat' dir='ltr'>erat</span> <span class='ocrx_word' id='word_1_7' title='bbox 379 385 466 441; x_wconf 79' lang='lat' dir='ltr'>crinis,</span> <span class='ocrx_word' id='word_1_8' title='bbox 478 399 535 432; x_wconf 84' lang='lat' dir='ltr'>cava</span> <span class='ocrx_word' id='word_1_9' title='bbox 546 382 637 433; x_wconf 83' lang='lat' dir='ltr'>lumina</span> <span class='ocrx_word' id='word_1_10' title='bbox 649 401 655 430; x_wconf 83' lang='lat' dir='ltr'>e</span> <span class='ocrx_word' id='word_1_11' title='bbox 668 381 746 446; x_wconf 86' lang='lat' dir='ltr'>pallor</span> <span class='ocrx_word' id='word_1_12' title='bbox 757 387 783 432; x_wconf 85' lang='lat' dir='ltr'>in</span> <span class='ocrx_word' id='word_1_13' title='bbox 795 399 838 432; x_wconf 89' lang='lat' dir='ltr'>ore</span> <span class='ocrx_word' id='word_1_14' title='bbox 850 413 858 442; x_wconf 91' lang='lat'>‚</span> 
     </span>
    </p>

    <p class='ocr_par' dir='ltr' id='par_1_3' title="bbox 224 453 852 526">
     <span class='ocr_line' id='line_1_3' title="bbox 224 453 852 526; baseline -0.003 -16"><span class='ocrx_word' id='word_1_15' title='bbox 224 461 302 510; x_wconf 77' lang='lat' dir='ltr'>labra</span> <span class='ocrx_word' id='word_1_16' title='bbox 311 463 395 510; x_wconf 80' lang='lat' dir='ltr'>incana</span> <span class='ocrx_word' id='word_1_17' title='bbox 406 465 451 510; x_wconf 86' lang='lat' dir='ltr'>situ</span> <span class='ocrx_word' id='word_1_18' title='bbox 460 453 471 520; x_wconf 66' lang='grc'>’,</span> <span class='ocrx_word' id='word_1_19' title='bbox 484 455 569 509; x_wconf 81' lang='lat' dir='ltr'>scabrae</span> <span class='ocrx_word' id='word_1_20' title='bbox 579 463 687 526; x_wconf 80' lang='lat' dir='ltr'><strong>rubigine</strong></span> <span class='ocrx_word' id='word_1_21' title='bbox 700 459 795 510; x_wconf 78' lang='lat' dir='ltr'>fauces:</span> <span class='ocrx_word' id='word_1_22' title='bbox 849 493 852 500; x_wconf 84' lang='lat'>·</span> 
     </span>
    </p>

    <p class='ocr_par' dir='ltr' id='par_1_4' title="bbox 225 536 853 604">
     <span class='ocr_line' id='line_1_4' title="bbox 225 536 853 604; baseline -0.003 -16"><span class='ocrx_word' id='word_1_23' title='bbox 225 539 293 588; x_wconf 84' lang='lat' dir='ltr'>Dura</span> <span class='ocrx_word' id='word_1_24' title='bbox 304 543 365 588; x_wconf 81' lang='lat' dir='ltr'>cutia</span> <span class='ocrx_word' id='word_1_25' title='bbox 378 575 386 596; x_wconf 89' lang='lat'><strong>‚</strong></span> <span class='ocrx_word' id='word_1_26' title='bbox 400 555 442 603; x_wconf 90' lang='lat' dir='ltr'>per</span> <span class='ocrx_word' id='word_1_27' title='bbox 459 555 531 604; x_wconf 88' lang='lat' dir='ltr'>quam</span> <span class='ocrx_word' id='word_1_28' title='bbox 543 540 638 604; x_wconf 63' lang='lat' dir='ltr'>spellari</span> <span class='ocrx_word' id='word_1_29' title='bbox 649 540 738 588; x_wconf 86' lang='lat' dir='ltr'>viscera</span> <span class='ocrx_word' id='word_1_30' title='bbox 748 536 853 603; x_wconf 82' lang='lat' dir='ltr'>pollent.</span> 
     </span>
    </p>

    <p class='ocr_par' dir='ltr' id='par_1_5' title="bbox 178 614 862 760">
     <span class='ocr_line' id='line_1_5' title="bbox 226 614 779 666; baseline -0.004 0"><span class='ocrx_word' id='word_1_31' title='bbox 226 615 284 666; x_wconf 79' lang='lat' dir='ltr'>osia</span> <span class='ocrx_word' id='word_1_32' title='bbox 294 617 335 664; x_wconf 91' lang='lat' dir='ltr'>sub</span> <span class='ocrx_word' id='word_1_33' title='bbox 353 619 455 666; x_wconf 79' lang='lat' dir='ltr'>incurvis</span> <span class='ocrx_word' id='word_1_34' title='bbox 472 617 593 665; x_wconf 82' lang='lat' dir='ltr'>exstabant</span> <span class='ocrx_word' id='word_1_35' title='bbox 603 614 668 664; x_wconf 80' lang='lat' dir='ltr'>arida</span> <span class='ocrx_word' id='word_1_36' title='bbox 681 615 779 664; x_wconf 83' lang='lat' dir='ltr'>lumbis.</span> 
     </span>
     <span class='ocr_line' id='line_1_6' title="bbox 178 692 862 760; baseline -0.001 -18"><span class='ocrx_word' id='word_1_37' title='bbox 178 693 322 756; x_wconf 69' lang='lat' dir='ltr'>sorventrie</span> <span class='ocrx_word' id='word_1_38' title='bbox 337 711 387 746; x_wconf 87' lang='lat' dir='ltr'>erat</span> <span class='ocrx_word' id='word_1_39' title='bbox 401 712 443 760; x_wconf 90' lang='lat' dir='ltr'>pro</span> <span class='ocrx_word' id='word_1_40' title='bbox 459 711 541 743; x_wconf 87' lang='lat' dir='ltr'>ventre</span> <span class='ocrx_word' id='word_1_41' title='bbox 556 694 622 743; x_wconf 81' lang='lat' dir='ltr'>locut</span> <span class='ocrx_word' id='word_1_42' title='bbox 632 713 638 742; x_wconf 84' lang='lat' dir='ltr'>r</span> <span class='ocrx_word' id='word_1_43' title='bbox 650 692 754 758; x_wconf 82' lang='lat' dir='ltr'>pendere</span> <span class='ocrx_word' id='word_1_44' title='bbox 767 709 862 758; x_wconf 81' lang='lat' dir='ltr'>putarer</span> 
     </span>
    </p>

    <p class='ocr_par' dir='ltr' id='par_1_6' title="bbox 226 771 834 838">
     <span class='ocr_line' id='line_1_7' title="bbox 226 771 834 838; baseline -0.01 -14"><span class='ocrx_word' id='word_1_45' title='bbox 226 776 321 829; x_wconf 62' lang='lat' dir='ltr'>Pedius,</span> <span class='ocrx_word' id='word_1_46' title='bbox 334 778 359 824; x_wconf 73' lang='grc' dir='ltr'>δι</span> <span class='ocrx_word' id='word_1_47' title='bbox 370 790 383 822; x_wconf 87' lang='lat' dir='ltr'>a</span> <span class='ocrx_word' id='word_1_48' title='bbox 394 775 465 838; x_wconf 72' lang='lat' dir='ltr'>spine</span> <span class='ocrx_word' id='word_1_49' title='bbox 481 771 651 822; x_wconf 84' lang='lat' dir='ltr'>tantummodo</span> <span class='ocrx_word' id='word_1_50' title='bbox 666 787 729 820; x_wconf 87' lang='lat' dir='ltr'>crate</span> <span class='ocrx_word' id='word_1_51' title='bbox 748 773 834 820; x_wconf 87' lang='lat' dir='ltr'>teneri.</span> 
     </span>
    </p>

    <p class='ocr_par' dir='ltr' id='par_1_7' title="bbox 224 850 838 914">
     <span class='ocr_line' id='line_1_8' title="bbox 224 850 838 914; baseline -0.007 -12"><span class='ocrx_word' id='word_1_52' title='bbox 224 853 327 902; x_wconf 78' lang='lat' dir='ltr'>Auxerat</span> <span class='ocrx_word' id='word_1_53' title='bbox 338 852 450 901; x_wconf 83' lang='lat' dir='ltr'>articulos</span> <span class='ocrx_word' id='word_1_54' title='bbox 461 855 548 900; x_wconf 84' lang='lat' dir='ltr'>macies</span> <span class='ocrx_word' id='word_1_55' title='bbox 560 885 568 909; x_wconf 90' lang='lat'><strong><em>‚</em></strong></span> <span class='ocrx_word' id='word_1_56' title='bbox 580 865 731 914; x_wconf 72' lang='lat' dir='ltr'>genuumque</span> <span class='ocrx_word' id='word_1_57' title='bbox 741 850 838 912; x_wconf 76' lang='lat' dir='ltr'>rigebat</span> 
     </span>
    </p>

    <p class='ocr_par' dir='ltr' id='par_1_8' title="bbox 225 927 809 993">
     <span class='ocr_line' id='line_1_9' title="bbox 225 927 809 993; baseline -0.009 -14"><span class='ocrx_word' id='word_1_58' title='bbox 225 931 296 979; x_wconf 79' lang='lat' dir='ltr'>Orbis</span> <span class='ocrx_word' id='word_1_59' title='bbox 310 966 317 988; x_wconf 83' lang='lat'><em>,</em></span> <span class='ocrx_word' id='word_1_60' title='bbox 340 934 364 978; x_wconf 87' lang='lat'>&amp;</span> <span class='ocrx_word' id='word_1_61' title='bbox 373 927 508 978; x_wconf 86' lang='lat' dir='ltr'>immodico</span> <span class='ocrx_word' id='word_1_62' title='bbox 515 928 646 993; x_wconf 84' lang='lat' dir='ltr'>prodibant</span> <span class='ocrx_word' id='word_1_63' title='bbox 654 929 736 977; x_wconf 85' lang='lat' dir='ltr'>tubera</span> <span class='ocrx_word' id='word_1_64' title='bbox 747 928 809 976; x_wconf 88' lang='lat' dir='ltr'>talo.</span> 
     </span>
    </p>

    <p class='ocr_par' dir='ltr' id='par_1_9' title="bbox 176 1003 938 1230">
     <span class='ocr_line' id='line_1_10' title="bbox 225 1003 938 1074; baseline -0.007 -16"><span class='ocrx_word' id='word_1_65' title='bbox 225 1009 293 1058; x_wconf 78' lang='lat' dir='ltr'>Hanc</span> <span class='ocrx_word' id='word_1_66' title='bbox 314 1007 396 1074; x_wconf 90' lang='lat' dir='ltr'>procul</span> <span class='ocrx_word' id='word_1_67' title='bbox 408 1004 505 1055; x_wconf 85' lang='lat' dir='ltr'>utvidit</span> <span class='ocrx_word' id='word_1_68' title='bbox 517 1014 525 1066; x_wconf 87' lang='lat'>‚&#39;</span> <span class='ocrx_word' id='word_1_69' title='bbox 537 1023 614 1071; x_wconf 89' lang='lat' dir='ltr'>neque</span> <span class='ocrx_word' id='word_1_70' title='bbox 627 1011 690 1054; x_wconf 89' lang='lat' dir='ltr'>enim</span> <span class='ocrx_word' id='word_1_71' title='bbox 703 1007 735 1054; x_wconf 81' lang='lat' dir='ltr'>eli</span> <span class='ocrx_word' id='word_1_72' title='bbox 753 1003 867 1053; x_wconf 89' lang='lat' dir='ltr'>accedere</span> <span class='ocrx_word' id='word_1_73' title='bbox 877 1007 938 1069; x_wconf 77' lang='lat' dir='ltr'>juxta</span> 
     </span>
     <span class='ocr_line' id='line_1_11' title="bbox 177 1081 899 1148; baseline -0.004 -16"><span class='ocrx_word' id='word_1_74' title='bbox 177 1085 308 1146; x_wconf 68' lang='lat' dir='ltr'>morula,</span> <span class='ocrx_word' id='word_1_75' title='bbox 324 1085 396 1134; x_wconf 86' lang='lat' dir='ltr'>refert</span> <span class='ocrx_word' id='word_1_76' title='bbox 410 1081 523 1133; x_wconf 79' lang='lat' dir='ltr'>mandata</span> <span class='ocrx_word' id='word_1_77' title='bbox 544 1083 619 1142; x_wconf 79' lang='lat' dir='ltr'>Deae3</span> <span class='ocrx_word' id='word_1_78' title='bbox 630 1083 777 1148; x_wconf 76' lang='lat' dir='ltr'>paulumque</span> <span class='ocrx_word' id='word_1_79' title='bbox 787 1097 899 1140; x_wconf 88' lang='lat' dir='ltr'>morata,</span> 
     </span>
     <span class='ocr_line' id='line_1_12' title="bbox 176 1158 936 1230; baseline -0.007 -17"><span class='ocrx_word' id='word_1_80' title='bbox 176 1168 329 1230; x_wconf 71' lang='lat' dir='ltr'>Quamquam</span> <span class='ocrx_word' id='word_1_81' title='bbox 343 1163 422 1210; x_wconf 79' lang='lat' dir='ltr'>aberat</span> <span class='ocrx_word' id='word_1_82' title='bbox 428 1159 509 1224; x_wconf 55' lang='lat' dir='ltr'>longi,</span> <span class='ocrx_word' id='word_1_83' title='bbox 519 1175 666 1226; x_wconf 85' lang='lat' dir='ltr'>quamquam</span> <span class='ocrx_word' id='word_1_84' title='bbox 677 1158 753 1208; x_wconf 78' lang='lat' dir='ltr'>ruodb</span> <span class='ocrx_word' id='word_1_85' title='bbox 763 1175 863 1210; x_wconf 86' lang='lat' dir='ltr'>venerat</span> <span class='ocrx_word' id='word_1_86' title='bbox 870 1161 936 1219; x_wconf 83' lang='lat' dir='ltr'>illue,</span> 
     </span>
    </p>

    <p class='ocr_par' dir='ltr' id='par_1_10' title="bbox 223 1236 857 1306">
     <span class='ocr_line' id='line_1_13' title="bbox 223 1236 857 1306; baseline -0.009 -14"><span class='ocrx_word' id='word_1_87' title='bbox 223 1243 281 1292; x_wconf 88' lang='lat' dir='ltr'>Visa</span> <span class='ocrx_word' id='word_1_88' title='bbox 293 1258 372 1290; x_wconf 88' lang='lat' dir='ltr'>tamen</span> <span class='ocrx_word' id='word_1_89' title='bbox 384 1236 477 1288; x_wconf 80' lang='lat' dir='ltr'>sensisse</span> <span class='ocrx_word' id='word_1_90' title='bbox 488 1239 585 1286; x_wconf 83' lang='lat' dir='ltr'>Famem</span> <span class='ocrx_word' id='word_1_91' title='bbox 596 1272 603 1296; x_wconf 91' lang='lat'>,</span> <span class='ocrx_word' id='word_1_92' title='bbox 615 1253 727 1306; x_wconf 87' lang='lat' dir='ltr'>retroque</span> <span class='ocrx_word' id='word_1_93' title='bbox 740 1237 857 1286; x_wconf 81' lang='lat' dir='ltr'>dracones</span> 
     </span>
    </p>

    <p class='ocr_par' dir='ltr' id='par_1_11' title="bbox 222 1314 815 1384">
     <span class='ocr_line' id='line_1_14' title="bbox 222 1314 815 1384; baseline -0.008 -16"><span class='ocrx_word' id='word_1_94' title='bbox 222 1319 279 1384; x_wconf 79' lang='lat' dir='ltr'>Egit</span> <span class='ocrx_word' id='word_1_95' title='bbox 291 1322 315 1366; x_wconf 89' lang='lat' dir='ltr'>in</span> <span class='ocrx_word' id='word_1_96' title='bbox 328 1318 493 1374; x_wconf 72' lang='lat' dir='ltr'>Hemoniam,</span> <span class='ocrx_word' id='word_1_97' title='bbox 505 1320 576 1364; x_wconf 82' lang='lat' dir='ltr'>versis</span> <span class='ocrx_word' id='word_1_98' title='bbox 587 1314 693 1363; x_wconf 72' lang='lat' dir='ltr'>sublimIs</span> <span class='ocrx_word' id='word_1_99' title='bbox 706 1316 815 1364; x_wconf 79' lang='lat' dir='ltr'>habenis.</span> 
     </span>
    </p>

    <p class='ocr_par' dir='ltr' id='par_1_12' title="bbox 170 1393 902 1613">
     <span class='ocr_line' id='line_1_15' title="bbox 255 1393 902 1458; baseline -0.005 -13"><span class='ocrx_word' id='word_1_100' title='bbox 255 1395 325 1444; x_wconf 73' lang='lat' dir='ltr'>Dina</span> <span class='ocrx_word' id='word_1_101' title='bbox 344 1395 426 1442; x_wconf 74' lang='lat' dir='ltr'>Fames</span> <span class='ocrx_word' id='word_1_102' title='bbox 443 1393 553 1452; x_wconf 79' lang='lat' dir='ltr'>Cereris,</span> <span class='ocrx_word' id='word_1_103' title='bbox 563 1397 671 1458; x_wconf 84' lang='lat' dir='ltr'>quamvis</span> <span class='ocrx_word' id='word_1_104' title='bbox 678 1396 798 1442; x_wconf 81' lang='lat' dir='ltr'>contraria</span> <span class='ocrx_word' id='word_1_105' title='bbox 808 1393 902 1458; x_wconf 78' lang='lat' dir='ltr'>semper</span> 
     </span>
     <span class='ocr_line' id='line_1_16' title="bbox 170 1469 805 1536; baseline 0.002 -18"><span class='ocrx_word' id='word_1_106' title='bbox 170 1469 288 1531; x_wconf 76' lang='lat' dir='ltr'>¹lltrlllius</span> <span class='ocrx_word' id='word_1_107' title='bbox 303 1471 334 1520; x_wconf 83' lang='lat' dir='ltr'>eil</span> <span class='ocrx_word' id='word_1_108' title='bbox 345 1473 430 1535; x_wconf 87' lang='lat' dir='ltr'>operi,</span> <span class='ocrx_word' id='word_1_109' title='bbox 442 1473 550 1534; x_wconf 82' lang='lat' dir='ltr'>peragit;</span> <span class='ocrx_word' id='word_1_110' title='bbox 561 1487 649 1536; x_wconf 83' lang='lat' dir='ltr'>perque</span> <span class='ocrx_word' id='word_1_111' title='bbox 666 1475 720 1520; x_wconf 83' lang='lat' dir='ltr'>a&#39;e&#39;ra</span> <span class='ocrx_word' id='word_1_112' title='bbox 730 1485 805 1520; x_wconf 83' lang='lat' dir='ltr'>vento</span> 
     </span>
     <span class='ocr_line' id='line_1_17' title="bbox 185 1545 878 1613; baseline 0 -15"><span class='ocrx_word' id='word_1_113' title='bbox 185 1549 187 1554; x_wconf 73' lang='grc'>’</span> <span class='ocrx_word' id='word_1_114' title='bbox 220 1547 258 1598; x_wconf 79' lang='lat' dir='ltr'>Ad</span> <span class='ocrx_word' id='word_1_115' title='bbox 275 1546 359 1613; x_wconf 84' lang='lat' dir='ltr'>juffam</span> <span class='ocrx_word' id='word_1_116' title='bbox 375 1546 455 1596; x_wconf 85' lang='lat' dir='ltr'>delata</span> <span class='ocrx_word' id='word_1_117' title='bbox 466 1545 567 1596; x_wconf 87' lang='lat' dir='ltr'>domum</span> <span class='ocrx_word' id='word_1_118' title='bbox 584 1547 616 1596; x_wconf 85' lang='lat' dir='ltr'>cst</span> <span class='ocrx_word' id='word_1_119' title='bbox 628 1567 633 1595; x_wconf 92' lang='lat'><strong>:</strong></span> <span class='ocrx_word' id='word_1_120' title='bbox 647 1553 671 1598; x_wconf 79' lang='lat' dir='ltr'>bc</span> <span class='ocrx_word' id='word_1_121' title='bbox 683 1553 792 1612; x_wconf 81' lang='lat' dir='ltr'>protinus</span> <span class='ocrx_word' id='word_1_122' title='bbox 803 1551 878 1598; x_wconf 74' lang='lat' dir='ltr'>intrat</span> 
     </span>
    </p>

    <p class='ocr_par' dir='ltr' id='par_1_13' title="bbox 220 1623 821 1690">
     <span class='ocr_line' id='line_1_18' title="bbox 220 1623 821 1690; baseline 0 -14"><span class='ocrx_word' id='word_1_123' title='bbox 220 1627 333 1689; x_wconf 81' lang='lat' dir='ltr'>Sacrilegi</span> <span class='ocrx_word' id='word_1_124' title='bbox 345 1623 478 1673; x_wconf 78' lang='lat' dir='ltr'>thalamos:</span> <span class='ocrx_word' id='word_1_125' title='bbox 491 1624 589 1689; x_wconf 90' lang='lat' dir='ltr'>altoque</span> <span class='ocrx_word' id='word_1_126' title='bbox 604 1627 687 1690; x_wconf 87' lang='lat' dir='ltr'>sopore</span> <span class='ocrx_word' id='word_1_127' title='bbox 700 1625 821 1686; x_wconf 86' lang='lat' dir='ltr'>solutum,</span> 
     </span>
    </p>

    <p class='ocr_par' dir='ltr' id='par_1_14' title="bbox 219 1699 838 1765">
     <span class='ocr_line' id='line_1_19' title="bbox 219 1699 838 1765; baseline 0 -13"><span class='ocrx_word' id='word_1_128' title='bbox 219 1702 302 1752; x_wconf 65' lang='lat' dir='ltr'>Nestis</span> <span class='ocrx_word' id='word_1_129' title='bbox 314 1716 364 1749; x_wconf 80' lang='lat' dir='ltr'>erat</span> <span class='ocrx_word' id='word_1_130' title='bbox 379 1715 489 1764; x_wconf 78' lang='lat' dir='ltr'>tempus,</span> <span class='ocrx_word' id='word_1_131' title='bbox 502 1704 603 1765; x_wconf 81' lang='lat' dir='ltr'>geminis</span> <span class='ocrx_word' id='word_1_132' title='bbox 615 1699 766 1765; x_wconf 73' lang='lat' dir='ltr'>amplectitur</span> <span class='ocrx_word' id='word_1_133' title='bbox 774 1703 818 1752; x_wconf 75' lang='lat' dir='ltr'>alis</span> <span class='ocrx_word' id='word_1_134' title='bbox 831 1722 838 1752; x_wconf 86' lang='lat' dir='ltr'>r</span> 
     </span>
    </p>

    <p class='ocr_par' dir='ltr' id='par_1_15' title="bbox 171 1779 873 1922">
     <span class='ocr_line' id='line_1_20' title="bbox 220 1779 873 1846; baseline 0.006 -18"><span class='ocrx_word' id='word_1_135' title='bbox 220 1781 296 1846; x_wconf 78' lang='lat' dir='ltr'>Seque</span> <span class='ocrx_word' id='word_1_136' title='bbox 311 1781 363 1829; x_wconf 85' lang='lat' dir='ltr'>viro</span> <span class='ocrx_word' id='word_1_137' title='bbox 375 1779 473 1843; x_wconf 86' lang='lat' dir='ltr'>inspirat</span> <span class='ocrx_word' id='word_1_138' title='bbox 485 1813 493 1838; x_wconf 92' lang='lat'>,</span> <span class='ocrx_word' id='word_1_139' title='bbox 509 1779 652 1845; x_wconf 84' lang='lat' dir='ltr'>faucesque,</span> <span class='ocrx_word' id='word_1_140' title='bbox 665 1785 689 1828; x_wconf 76' lang='grc' dir='ltr'>δι</span> <span class='ocrx_word' id='word_1_141' title='bbox 703 1785 782 1845; x_wconf 74' lang='lat' dir='ltr'>podius</span> <span class='ocrx_word' id='word_1_142' title='bbox 794 1786 820 1830; x_wconf 75' lang='lat' dir='ltr'>bt</span> <span class='ocrx_word' id='word_1_143' title='bbox 830 1797 873 1832; x_wconf 77' lang='lat' dir='ltr'>ora</span> 
     </span>
     <span class='ocr_line' id='line_1_21' title="bbox 171 1837 765 1922; baseline 0.002 -16"><span class='ocrx_word' id='word_1_144' title='bbox 171 1837 307 1916; x_wconf 59' lang='lat' dir='ltr'>horulae,</span> <span class='ocrx_word' id='word_1_145' title='bbox 324 1862 348 1905; x_wconf 78' lang='lat' dir='ltr'>bt</span> <span class='ocrx_word' id='word_1_146' title='bbox 362 1859 387 1905; x_wconf 88' lang='lat' dir='ltr'>in</span> <span class='ocrx_word' id='word_1_147' title='bbox 400 1860 479 1906; x_wconf 79' lang='lat' dir='ltr'>vacuis</span> <span class='ocrx_word' id='word_1_148' title='bbox 491 1859 578 1922; x_wconf 81' lang='lat' dir='ltr'>spargit</span> <span class='ocrx_word' id='word_1_149' title='bbox 592 1861 681 1922; x_wconf 80' lang='lat' dir='ltr'>jejunia</span> <span class='ocrx_word' id='word_1_150' title='bbox 690 1863 765 1907; x_wconf 86' lang='lat' dir='ltr'>venis.</span> 
     </span>
    </p>

    <p class='ocr_par' dir='ltr' id='par_1_16' title="bbox 220 1933 845 2004">
     <span class='ocr_line' id='line_1_22' title="bbox 220 1933 845 2004; baseline 0.01 -22"><span class='ocrx_word' id='word_1_151' title='bbox 220 1935 352 2001; x_wconf 70' lang='lat' dir='ltr'>Funstaque</span> <span class='ocrx_word' id='word_1_152' title='bbox 363 1933 489 1994; x_wconf 81' lang='lat' dir='ltr'>mandato,</span> <span class='ocrx_word' id='word_1_153' title='bbox 503 1933 633 2004; x_wconf 87' lang='lat' dir='ltr'>fecundum</span> <span class='ocrx_word' id='word_1_154' title='bbox 644 1934 730 1986; x_wconf 87' lang='lat' dir='ltr'>deserit</span> <span class='ocrx_word' id='word_1_155' title='bbox 740 1939 826 1988; x_wconf 89' lang='lat' dir='ltr'>orbem</span> <span class='ocrx_word' id='word_1_156' title='bbox 837 1956 845 1998; x_wconf 78' lang='lat'>3</span> 
     </span>
    </p>

    <p class='ocr_par' dir='ltr' id='par_1_17' title="bbox 218 2009 854 2080">
     <span class='ocr_line' id='line_1_23' title="bbox 218 2009 854 2080; baseline 0.005 -18"><span class='ocrx_word' id='word_1_157' title='bbox 218 2012 292 2080; x_wconf 92' lang='lat' dir='ltr'>lnque</span> <span class='ocrx_word' id='word_1_158' title='bbox 304 2011 390 2062; x_wconf 86' lang='lat' dir='ltr'>domos</span> <span class='ocrx_word' id='word_1_159' title='bbox 403 2016 502 2077; x_wconf 76' lang='lat' dir='ltr'>inopes,</span> <span class='ocrx_word' id='word_1_160' title='bbox 514 2009 621 2070; x_wconf 77' lang='lat' dir='ltr'>affuere,</span> <span class='ocrx_word' id='word_1_161' title='bbox 635 2029 775 2074; x_wconf 77' lang='lat' dir='ltr'>revertitur,</span> <span class='ocrx_word' id='word_1_162' title='bbox 789 2033 854 2065; x_wconf 83' lang='lat' dir='ltr'>arva.</span> 
     </span>
    </p>

    <p class='ocr_par' dir='ltr' id='par_1_18' title="bbox 216 2088 898 2234">
     <span class='ocr_line' id='line_1_24' title="bbox 249 2088 898 2158; baseline 0.009 -20"><span class='ocrx_word' id='word_1_163' title='bbox 249 2089 319 2138; x_wconf 85' lang='lat' dir='ltr'>Lenis</span> <span class='ocrx_word' id='word_1_164' title='bbox 330 2088 407 2138; x_wconf 87' lang='lat' dir='ltr'>adhuc</span> <span class='ocrx_word' id='word_1_165' title='bbox 419 2092 515 2138; x_wconf 84' lang='lat' dir='ltr'>somnus</span> <span class='ocrx_word' id='word_1_166' title='bbox 527 2088 625 2154; x_wconf 84' lang='lat' dir='ltr'>placidis</span> <span class='ocrx_word' id='word_1_167' title='bbox 633 2092 799 2154; x_wconf 59' lang='lat' dir='ltr'>Erisichthona</span> <span class='ocrx_word' id='word_1_168' title='bbox 813 2098 898 2158; x_wconf 68' lang='lat' dir='ltr'>pennis</span> 
     </span>
     <span class='ocr_line' id='line_1_25' title="bbox 216 2167 851 2234; baseline 0.008 -19"><span class='ocrx_word' id='word_1_169' title='bbox 216 2167 349 2217; x_wconf 82' lang='lat' dir='ltr'>Mulcebat.</span> <span class='ocrx_word' id='word_1_170' title='bbox 369 2169 431 2216; x_wconf 86' lang='lat' dir='ltr'>Pen&#39;t</span> <span class='ocrx_word' id='word_1_171' title='bbox 440 2169 482 2216; x_wconf 92' lang='lat' dir='ltr'>ille</span> <span class='ocrx_word' id='word_1_172' title='bbox 495 2167 566 2232; x_wconf 80' lang='lat' dir='ltr'>dapes</span> <span class='ocrx_word' id='word_1_173' title='bbox 582 2169 624 2216; x_wconf 88' lang='lat' dir='ltr'>sub</span> <span class='ocrx_word' id='word_1_174' title='bbox 635 2173 738 2234; x_wconf 67' lang='lat' dir='ltr'>imagine</span> <span class='ocrx_word' id='word_1_175' title='bbox 751 2173 851 2233; x_wconf 88' lang='lat' dir='ltr'>somni,</span> 
     </span>
    </p>
   </div>
   <div class='ocr_carea' id='block_1_3' title="bbox 62 2237 893 2315">
    <p class='ocr_par' dir='ltr' id='par_1_19' title="bbox 62 2237 893 2315">
     <span class='ocr_line' id='line_1_26' title="bbox 62 2237 893 2315; baseline 0.008 -24"><span class='ocrx_word' id='word_1_176' title='bbox 62 2237 63 2242; x_wconf 35' lang='lat'>¹</span> <span class='ocrx_word' id='word_1_177' title='bbox 110 2270 113 2276; x_wconf 91' lang='lat'>·</span> <span class='ocrx_word' id='word_1_178' title='bbox 169 2245 312 2312; x_wconf 69' lang='lat' dir='ltr'>825Oraque</span> <span class='ocrx_word' id='word_1_179' title='bbox 330 2261 392 2295; x_wconf 82' lang='lat' dir='ltr'>vana</span> <span class='ocrx_word' id='word_1_180' title='bbox 403 2260 500 2304; x_wconf 86' lang='lat' dir='ltr'>movet,</span> <span class='ocrx_word' id='word_1_181' title='bbox 517 2244 693 2312; x_wconf 88' lang='lat' dir='ltr'>dentemquein</span> <span class='ocrx_word' id='word_1_182' title='bbox 704 2246 776 2298; x_wconf 89' lang='lat' dir='ltr'>dente</span> <span class='ocrx_word' id='word_1_183' title='bbox 787 2248 893 2315; x_wconf 75' lang='lat' dir='ltr'>fatigar:</span> 
     </span>
    </p>
   </div>
   <div class='ocr_carea' id='block_1_4' title="bbox 166 2321 943 3100">
    <p class='ocr_par' dir='ltr' id='par_1_20' title="bbox 212 2321 881 2628">
     <span class='ocr_line' id='line_1_27' title="bbox 215 2321 752 2390; baseline 0.004 -18"><span class='ocrx_word' id='word_1_184' title='bbox 215 2323 361 2390; x_wconf 80' lang='lat' dir='ltr'>Exercetque</span> <span class='ocrx_word' id='word_1_185' title='bbox 379 2324 434 2372; x_wconf 88' lang='lat' dir='ltr'>cibo</span> <span class='ocrx_word' id='word_1_186' title='bbox 450 2321 558 2380; x_wconf 86' lang='lat' dir='ltr'>delusum</span> <span class='ocrx_word' id='word_1_187' title='bbox 573 2340 654 2389; x_wconf 83' lang='lat' dir='ltr'>guttur</span> <span class='ocrx_word' id='word_1_188' title='bbox 672 2328 752 2385; x_wconf 86' lang='lat' dir='ltr'>inani,</span> 
     </span>
     <span class='ocr_line' id='line_1_28' title="bbox 214 2401 881 2468; baseline 0.006 -19"><span class='ocrx_word' id='word_1_189' title='bbox 214 2402 309 2467; x_wconf 85' lang='lat' dir='ltr'>Proque</span> <span class='ocrx_word' id='word_1_190' title='bbox 329 2401 404 2466; x_wconf 84' lang='lat' dir='ltr'>epulis</span> <span class='ocrx_word' id='word_1_191' title='bbox 418 2417 498 2450; x_wconf 85' lang='lat' dir='ltr'>tenues</span> <span class='ocrx_word' id='word_1_192' title='bbox 520 2405 679 2468; x_wconf 83' lang='lat' dir='ltr'>nequicquam</span> <span class='ocrx_word' id='word_1_193' title='bbox 691 2401 793 2452; x_wconf 89' lang='lat' dir='ltr'>devorat</span> <span class='ocrx_word' id='word_1_194' title='bbox 801 2421 881 2454; x_wconf 81' lang='lat' dir='ltr'>auras.</span> 
     </span>
     <span class='ocr_line' id='line_1_29' title="bbox 214 2476 842 2550; baseline 0.008 -24"><span class='ocrx_word' id='word_1_195' title='bbox 214 2477 249 2526; x_wconf 91' lang='lat' dir='ltr'>Ut</span> <span class='ocrx_word' id='word_1_196' title='bbox 265 2476 322 2527; x_wconf 83' lang='lat' dir='ltr'>verb</span> <span class='ocrx_word' id='word_1_197' title='bbox 339 2481 372 2526; x_wconf 88' lang='lat' dir='ltr'>est</span> <span class='ocrx_word' id='word_1_198' title='bbox 382 2479 477 2543; x_wconf 80' lang='lat' dir='ltr'>expulsa</span> <span class='ocrx_word' id='word_1_199' title='bbox 488 2483 568 2550; x_wconf 82' lang='lat' dir='ltr'>quies,</span> <span class='ocrx_word' id='word_1_200' title='bbox 581 2479 640 2528; x_wconf 90' lang='lat' dir='ltr'>furit</span> <span class='ocrx_word' id='word_1_201' title='bbox 651 2479 722 2528; x_wconf 84' lang='lat' dir='ltr'>ardor</span> <span class='ocrx_word' id='word_1_202' title='bbox 733 2479 821 2530; x_wconf 86' lang='lat' dir='ltr'>edendi</span> <span class='ocrx_word' id='word_1_203' title='bbox 833 2518 842 2542; x_wconf 86' lang='lat'>‚</span> 
     </span>
     <span class='ocr_line' id='line_1_30' title="bbox 212 2553 861 2628; baseline 0.009 -26"><span class='ocrx_word' id='word_1_204' title='bbox 212 2555 304 2620; x_wconf 88' lang='lat' dir='ltr'>Perque</span> <span class='ocrx_word' id='word_1_205' title='bbox 314 2553 394 2604; x_wconf 86' lang='lat' dir='ltr'>avidas</span> <span class='ocrx_word' id='word_1_206' title='bbox 410 2556 488 2605; x_wconf 83' lang='lat' dir='ltr'>fauces</span> <span class='ocrx_word' id='word_1_207' title='bbox 500 2561 661 2628; x_wconf 88' lang='lat' dir='ltr'>immensaque</span> <span class='ocrx_word' id='word_1_208' title='bbox 670 2561 760 2608; x_wconf 84' lang='lat' dir='ltr'>viscera</span> <span class='ocrx_word' id='word_1_209' title='bbox 767 2575 861 2624; x_wconf 78' lang='lat' dir='ltr'>regnat.</span> 
     </span>
    </p>

    <p class='ocr_par' dir='ltr' id='par_1_21' title="bbox 166 2629 935 3012">
     <span class='ocr_line' id='line_1_31' title="bbox 166 2629 935 2702; baseline 0.013 -26"><span class='ocrx_word' id='word_1_210' title='bbox 166 2629 180 2676; x_wconf 87' lang='lat'>8</span> <span class='ocrx_word' id='word_1_211' title='bbox 184 2629 266 2691; x_wconf 81' lang='lat' dir='ltr'>3oNcc</span> <span class='ocrx_word' id='word_1_212' title='bbox 276 2647 357 2680; x_wconf 78' lang='lat' dir='ltr'>morar</span> <span class='ocrx_word' id='word_1_213' title='bbox 370 2631 437 2697; x_wconf 91' lang='lat' dir='ltr'>quod</span> <span class='ocrx_word' id='word_1_214' title='bbox 444 2649 541 2698; x_wconf 85' lang='lat' dir='ltr'>pontus,</span> <span class='ocrx_word' id='word_1_215' title='bbox 554 2635 619 2702; x_wconf 91' lang='lat' dir='ltr'>quod</span> <span class='ocrx_word' id='word_1_216' title='bbox 629 2651 698 2690; x_wconf 85' lang='lat' dir='ltr'>terra,</span> <span class='ocrx_word' id='word_1_217' title='bbox 711 2636 779 2702; x_wconf 89' lang='lat' dir='ltr'>quod</span> <span class='ocrx_word' id='word_1_218' title='bbox 787 2637 935 2699; x_wconf 64' lang='lat' dir='ltr'>educatae,</span> 
     </span>
     <span class='ocr_line' id='line_1_32' title="bbox 212 2709 830 2778; baseline 0.013 -21"><span class='ocrx_word' id='word_1_219' title='bbox 212 2709 311 2770; x_wconf 83' lang='lat' dir='ltr'>Poscit3</span> <span class='ocrx_word' id='word_1_220' title='bbox 330 2714 355 2758; x_wconf 68' lang='grc' dir='ltr'>ὅ(</span> <span class='ocrx_word' id='word_1_221' title='bbox 376 2715 488 2776; x_wconf 77' lang='lat' dir='ltr'>appositis</span> <span class='ocrx_word' id='word_1_222' title='bbox 504 2717 609 2778; x_wconf 87' lang='lat' dir='ltr'>queritur</span> <span class='ocrx_word' id='word_1_223' title='bbox 624 2717 830 2778; x_wconf 80' lang='lat' dir='ltr'>jejuniamensia:</span> 
     </span>
     <span class='ocr_line' id='line_1_33' title="bbox 210 2785 903 2858; baseline 0.012 -22"><span class='ocrx_word' id='word_1_224' title='bbox 210 2785 285 2852; x_wconf 89' lang='lat' dir='ltr'>Inque</span> <span class='ocrx_word' id='word_1_225' title='bbox 302 2788 377 2850; x_wconf 86' lang='lat' dir='ltr'>epulis</span> <span class='ocrx_word' id='word_1_226' title='bbox 392 2789 471 2853; x_wconf 85' lang='lat' dir='ltr'>epulas</span> <span class='ocrx_word' id='word_1_227' title='bbox 483 2795 576 2855; x_wconf 73' lang='lat' dir='ltr'>qurerit.</span> <span class='ocrx_word' id='word_1_228' title='bbox 592 2791 713 2858; x_wconf 89' lang='lat' dir='ltr'>Quodque</span> <span class='ocrx_word' id='word_1_229' title='bbox 723 2795 822 2842; x_wconf 84' lang='lat' dir='ltr'>urbibus</span> <span class='ocrx_word' id='word_1_230' title='bbox 834 2792 903 2850; x_wconf 83' lang='lat' dir='ltr'>ell&#39;e,</span> 
     </span>
     <span class='ocr_line' id='line_1_34' title="bbox 211 2862 840 2932; baseline 0.021 -22"><span class='ocrx_word' id='word_1_231' title='bbox 211 2862 331 2928; x_wconf 89' lang='lat' dir='ltr'>Quodque</span> <span class='ocrx_word' id='word_1_232' title='bbox 342 2867 395 2913; x_wconf 83' lang='lat' dir='ltr'>satis</span> <span class='ocrx_word' id='word_1_233' title='bbox 406 2867 496 2932; x_wconf 90' lang='lat' dir='ltr'>populo</span> <span class='ocrx_word' id='word_1_234' title='bbox 504 2883 597 2932; x_wconf 84' lang='lat' dir='ltr'>poterat</span> <span class='ocrx_word' id='word_1_235' title='bbox 608 2905 615 2926; x_wconf 96' lang='lat'>‚</span> <span class='ocrx_word' id='word_1_236' title='bbox 627 2886 677 2918; x_wconf 90' lang='lat' dir='ltr'>non</span> <span class='ocrx_word' id='word_1_237' title='bbox 688 2869 777 2922; x_wconf 82' lang='lat' dir='ltr'>sufficit</span> <span class='ocrx_word' id='word_1_238' title='bbox 787 2878 840 2922; x_wconf 85' lang='lat' dir='ltr'>uni.</span> 
     </span>
     <span class='ocr_line' id='line_1_35' title="bbox 210 2943 882 3012; baseline 0.01 -18"><span class='ocrx_word' id='word_1_239' title='bbox 210 2943 312 3010; x_wconf 77' lang='lat' dir='ltr'>Plusque</span> <span class='ocrx_word' id='word_1_240' title='bbox 323 2947 405 3010; x_wconf 87' lang='lat' dir='ltr'>cupit,</span> <span class='ocrx_word' id='word_1_241' title='bbox 416 2962 465 3012; x_wconf 92' lang='lat' dir='ltr'>quo</span> <span class='ocrx_word' id='word_1_242' title='bbox 471 2947 540 3012; x_wconf 87' lang='lat' dir='ltr'>plura</span> <span class='ocrx_word' id='word_1_243' title='bbox 549 2949 617 3000; x_wconf 87' lang='lat' dir='ltr'>suam</span> <span class='ocrx_word' id='word_1_244' title='bbox 630 2948 738 3002; x_wconf 84' lang='lat' dir='ltr'>demittit</span> <span class='ocrx_word' id='word_1_245' title='bbox 747 2955 774 3002; x_wconf 88' lang='lat' dir='ltr'>in</span> <span class='ocrx_word' id='word_1_246' title='bbox 786 2955 882 3006; x_wconf 79' lang='lat' dir='ltr'>alvum.</span> 
     </span>
    </p>

    <p class='ocr_par' dir='ltr' id='par_1_22' title="bbox 852 3034 943 3100">
     <span class='ocr_line' id='line_1_36' title="bbox 852 3034 943 3100; baseline 0 -18"><span class='ocrx_word' id='word_1_247' title='bbox 852 3034 943 3100; x_wconf 86' lang='lat' dir='ltr'>thue</span> 
     </span>
    </p>
   </div>
   <div class='ocr_carea' id='block_1_5' title="bbox 0 0 1022 3714">
    <p class='ocr_par' dir='ltr' id='par_1_23' title="bbox 0 0 1022 3714">
     <span class='ocr_line' id='line_1_37' title="bbox 0 0 1022 3714; baseline 0 0"><span class='ocrx_word' id='word_1_248' title='bbox 0 0 1022 3714; x_wconf 95' lang='lat' dir='ltr'> </span> 
     </span>
    </p>
   </div>
  </div>
 </body>
</html>
