1980 3714
230 247 298 331 ³5⁶
370 235 414 310 P.
437 233 593 309 'Ournrr
613 233 820 312 NAsours

226 361 309 428 thue
322 361 445 412 salutiferi
456 363 547 411 miseris
564 365 700 412 succurrere
712 363 784 410 rebus

227 439 295 488 Sorte
305 439 383 494 velit,
398 449 521 506 cauteque
529 442 593 488 urbis
603 440 667 489 mala
683 439 771 499 liniat,
785 452 871 489 orant»

228 515 259 565 Et
275 517 363 577 locut,
382 521 407 567 bt
419 517 517 577 launna,
533 521 558 566 ἃ
565 552 575 578 ,
587 531 644 584 quas
656 519 728 566 habet
739 517 800 578 ille,
817 519 947 582 pharetra,

181 591 374 645 6iilntremuere
388 595 458 644 timul
471 614 478 644 e
490 598 630 661 cortinaque
641 593 749 644 reddidit
763 598 819 644 iuro

228 671 297 721 Hanc
316 669 390 735 adyto
399 686 503 731 vocem
519 672 687 738 pavefadaque
698 675 796 738 peslora
810 673 913 728 morin

229 748 303 810 Quod
318 753 377 816 petis
393 752 469 811 hine,
484 753 595 816 propiore
606 751 679 810 loco,
694 751 825 806 Romane,
841 745 948 813 pensor

228 826 260 876 Et
273 841 328 892 pete
336 840 400 876 nunc
411 829 522 892 propiore
532 828 588 878 loco
598 846 604 876 r
616 845 660 878 nec
668 827 782 892 Apolline
793 829 889 886 vobis,

229 901 278 962 Qui
296 904 388 950 minuat
405 901 499 963 lullus,
510 919 569 968 opus
581 903 614 952 est
625 922 633 961 3
646 901 686 950 sed
697 902 813 967 Apolline
825 917 896 951 nato.

183 979 265 1032 ⁶401oe
275 982 344 1029 bonis
355 980 456 1038 avibus,
475 981 617 1046 prolemque
631 983 741 1029 arcessite
757 979 880 1028 nostram.

229 1054 293 1106 luffa
311 1057 358 1106 Dei
375 1056 478 1122 prudens
486 1059 537 1123 post
547 1057 621 1124 quim
632 1057 742 1122 accepire
752 1059 857 1106 Senatus
867 1073 876 1116 3

230 1135 310 1195 Quam
321 1135 387 1186 colat
397 1169 406 1196 ,
424 1135 562 1200 explorant,
572 1139 663 1202 juvenis
674 1137 804 1185 Phoebeius
816 1135 902 1182 urbem
908 1151 921 1193 ;

229 1213 326 1280 Quique
336 1228 419 1279 petant
427 1217 504 1264 ventis
515 1211 641 1279 Epidauria
649 1215 735 1272 litora,
749 1215 869 1263 mittunt.

230 1290 290 1350 Qua
301 1291 372 1340 simul
383 1293 481 1342 incurva
491 1295 555 1341 mitri
567 1285 664 1358 tetigere
680 1291 780 1348 carini',

182 1369 227 1422 ⁸45
231 1367 372 1420 Concilium
383 1372 515 1436 Graiosque
525 1385 601 1435 patres
609 1368 703 1420 adiere:
717 1367 857 1434 darentque

231 1445 337 1508 Qravere
350 1447 429 1498 Deurn
442 1480 451 1508 ,
469 1451 510 1514 qui
522 1449 620 1512 presens
632 1446 715 1496 funeta
726 1450 806 1512 gentis

165 1563 169 1570 .
232 1523 309 1572 Finiat
324 1527 433 1575 Ausoniae
439 1542 450 1574 -r
461 1539 537 1575 certas
547 1529 579 1575 ita
590 1524 668 1575 dicere
678 1527 761 1575 sortes.

229 1599 336 1650 Dissidet
346 1606 373 1650 δι-
385 1605 462 1652 variat
473 1606 589 1653 sententia
601 1623 608 1652 t
619 1619 718 1669 parsque
733 1602 881 1668 negandum

230 1675 287 1726 Non
300 1693 369 1742 putat
382 1681 514 1740 auxilium
529 1681 723 1740 multitunem,
737 1682 859 1747 suamque

182 1743 287 1803 650Non
300 1759 407 1806 emittere
419 1775 510 1822 opem,
524 1775 568 1808 nec
578 1762 676 1808 numina
685 1756 899 1808 tradere¹su³denu

231 1831 297 1880 Dum
312 1831 443 1894 dubitant,
458 1837 534 1884 seram
547 1836 657 1900 pepulere
669 1837 807 1900 crepuscula
820 1837 921 1897 luceru,

231 1909 371 1976 Umbroque
386 1913 476 1960 telluris
487 1915 593 1962 tenebras
603 1911 728 1962 induxerat
738 1915 810 1971 orbi;

231 1985 297 2036 cnm
317 1987 374 2038 deur
384 1993 408 2039 iu
424 1991 512 2039 somnis
524 1991 601 2056 opifer
614 1991 738 2042 consistere
748 1991 814 2039 visus

232 2065 294 2114 Ante
311 2079 396 2123 mum,
414 2069 540 2128 Romane,
552 2083 649 2127 torum3
661 2067 701 2118 sed
711 2068 789 2134 qualis
799 2071 826 2116 in
839 2069 892 2119 aede

183 2137 211 2188 ‘5
219 2141 284 2192 ruffe
302 2145 362 2194 solet
373 2163 379 2192 t
392 2146 549 2210 baculumque
561 2161 642 2194 tenens
653 2147 740 2211 agreste
751 2147 849 2198 sinistra
861 2181 873 2208 ,

232 2219 359 2270 Cesariern
369 2222 447 2287 longe
456 2221 538 2274 dextri
548 2221 665 2274 deducere
674 2225 769 2282 barbe,

231 2297 261 2346 Et
273 2298 367 2363 placido
378 2301 436 2349 tales
447 2303 556 2350 emittere
566 2303 659 2367 peoore
671 2318 752 2350 voces.

231 2375 296 2424 Pone
308 2392 387 2426 metus
397 2397 402 2425 =
411 2383 506 2428 veniam
515 2413 523 2438 ,
531 2379 703 2444 simulacraque
711 2379 792 2428 nullia
802 2380 944 2447 relinquam.

232 2453 301 2502 Hunc
312 2455 388 2520 modb
400 2459 550 2520 serpentem,
566 2457 679 2506 baculum
689 2461 731 2522 qui
740 2459 844 2506 nexibus
856 2461 943 2518 ambit,

183 2532 339 2596 tcnperspice
350 2551 355 2580 :
369 2537 392 2581 bt
405 2549 478 2598 usque
489 2549 548 2584 nuta
557 2537 626 2594 visu,
645 2550 672 2586 ut
683 2536 828 2600 cognoscere
841 2540 923 2599 possis.

231 2609 317 2660 Vertar
329 2613 354 2660 in
370 2606 432 2660 hunc
445 2629 453 2669 ς
464 2600 504 2661 sel
516 2617 593 2676 major
601 2629 641 2660 ero
654 2617 799 2676 utunturque
811 2611 927 2675 videbor,

231 2685 258 2734 In
269 2703 385 2751 quantum
396 2693 458 2738 verti
473 2690 576 2740 ecclesiia
584 2705 686 2754 corpora
696 2688 794 2738 debent.

231 2763 359 2830 Extemplo
370 2783 424 2814 eum
435 2767 565 2816 voceDeus
577 2801 585 2825 ‚
601 2783 656 2816 cunr
666 2783 726 2817 voce
737 2766 842 2833 Deoqne

225 2843 333 2889 =Somuua
350 2846 400 2892 abit
411 2863 417 2892 ι
430 2846 554 2910 somnique
570 2844 652 2908 sugam
668 2843 708 2892 lux
721 2844 786 2892 alma
797 2847 879 2898 secuta
889 2849 928 2898 est.

90 2993 91 2996 Ἴ
170 2923 228 2974 ⁶665
264 2917 357 2970 Postera
369 2919 472 2974 sidereos
487 2918 579 2972 Aurora
588 2921 711 2989 limaverat
725 2923 811 2989 iguessi
