2036 3714
126 298 551 368 MrTArrorrrrosnorr
565 301 604 370 L.
623 301 687 370 IX.
714 321 785 392 205·

71 417 191 472 Haeserunt
207 420 287 472 radice
304 420 383 488 pedes.
397 422 543 474 Convellere
553 435 661 488 pugnat:

72 497 120 546 Nec
131 501 275 565 quicquam,
284 503 441 557 nisisumnra,
448 517 543 553 movete
550 503 675 550 succrescit
684 501 714 550 ab
721 502 784 559 into,

72 574 179 642 Totaque
189 577 308 642 paulatim
319 579 396 629 lentus
407 583 497 644 premit
506 581 605 644 inguina
613 592 703 628 cortex.

70 651 103 700 Ut
121 651 203 714 vidit,
223 671 391 706 concremans
403 657 491 706 laniare
501 656 601 722 capillos
612 673 620 714 3

65 729 158 781 'Fronde
168 733 492 800 manumimplevitrsrondes
500 749 571 800 caput
581 749 654 784 omne
665 732 816 786 tenebantui
822 740 831 785 5

68 810 98 858 At
106 827 163 874 puer
173 810 312 877 Amphissos
322 849 330 872 ‚
341 830 445 880 namque
454 817 501 864 hoc
510 815 566 865 aviis
576 814 679 877 Eurytus
689 811 727 862 illi

68 885 196 938 Addiderat
205 906 312 945 nornen,
328 906 435 942 materna
445 895 559 957 rigescere
569 894 641 942 sentit

68 964 159 1016 Uberar
173 985 218 1018 nec
231 972 339 1036 sequitur
350 969 477 1022 dueentem
488 973 576 1024 irritetis
588 975 686 1022 humor.

68 1043 191 1106 spetiatrirr
203 1045 301 1098 aderam
312 1047 355 1098 sati
368 1048 470 1100 crudelis
481 1068 489 1110 5
500 1067 621 1117 opemque

68 1117 122 1169 Non
132 1139 243 1187 poteram
255 1129 299 1176 tibi
315 1127 385 1184 serre,
394 1129 460 1178 soror
471 1144 651 1194 equanturnque
659 1127 768 1176 velebant
776 1124 836 1185 ,5⁶0

70 1193 223 1255 Crescentem,
234 1215 350 1250 truncum
360 1217 487 1268 ramosque
497 1201 605 1266 amplexa
616 1235 624 1258 ‚
640 1203 750 1250 morabar
761 1218 768 1248 s

68 1272 112 1334 Et,
124 1274 216 1339 fateor,
229 1278 299 1328 volui
311 1279 353 1327 sub
364 1277 450 1329 eodem
460 1281 550 1328 cortice
564 1275 646 1326 condi.
685 1295 688 1302 ’

69 1349 125 1402 Ecce
143 1357 180 1404 rit
189 1354 354 1412 Andraemorr‚
364 1359 505 1422 genitorque
516 1357 676 1413 miserrimus,
689 1351 784 1411 adsunt5

68 1427 97 1478 Et
108 1449 213 1495 quierunt
232 1434 351 1498 Dryopen
362 1453 368 1482 ι
381 1434 496 1498 Dryopen
507 1433 667 1500 quaerentibus
679 1431 729 1480 illis

69 1507 161 1560 Ostendi
175 1511 258 1561 loton.
277 1509 374 1575 Tepido
382 1508 441 1562 dant
453 1511 534 1560 oscula
545 1511 631 1576 lignos
787 1510 832 1563 ³⁶5

69 1582 185 1651 Affusique
203 1589 253 1635 suae
264 1585 381 1636 radicibus
392 1588 481 1638 arboris
490 1589 587 1637 herent.

70 1659 124 1722 Nil,
133 1665 178 1712 nisi
190 1667 244 1729 jam
256 1663 356 1718 factem,
369 1661 492 1730 quodnon
502 1663 565 1714 soret
575 1663 662 1722 arbor,
671 1661 784 1714 habebar,

69 1736 127 1787 Cara
136 1741 210 1790 soror.
229 1741 352 1806 Lacrymre
362 1742 448 1790 mistro
459 1738 489 1790 dt
503 1758 607 1805 corpore
615 1741 681 1789 latiis

70 1807 169 1861 lrrorant
179 1813 260 1862 soliis:
274 1829 316 1874 ac,
329 1811 387 1862 <lum
401 1815 458 1863 licet
470 1849 478 1872 ‚
490 1831 579 1880 oraque
590 1814 699 1879 prestant
747 1865 748 1870 ,

70 1885 140 1938 Vocis
149 1893 193 1939 iter
204 1927 212 1950 ,
235 1890 294 1940 tales
305 1887 407 1940 effundit
418 1894 443 1939 in
454 1896 508 1940 a'e'ra
517 1892 620 1956 questus.
787 1900 836 1946 370

70 1965 93 2014 Si
110 1984 154 2034 qur
168 1965 227 2019 fides
241 1971 350 2024 miseris,
363 1971 409 2018 hot
421 1986 460 2018 me
471 1987 511 2033 per
522 1972 622 2018 numina
632 1973 686 2033 juro

69 2041 122 2093 Non
134 2046 245 2098 meruisse
259 2048 325 2098 nefas
335 2067 344 2096 t
356 2051 435 2113 patior
451 2051 501 2097 sine
514 2051 614 2097 crimine
624 2063 729 2112 poenam.

69 2121 171 2174 Viximus
181 2130 293 2176 innocuae
304 2129 337 2175 :si
349 2130 453 2176 mentior
462 2161 470 2185 ‚
480 2125 545 2174 arida
552 2124 651 2191 perdam
658 2159 670 2182 ,

70 2201 129 2260 Quas
140 2205 216 2255 habeo
227 2240 236 2265 ‚
249 2203 345 2254 frondes
359 2224 366 2265 ¹,
380 2209 404 2255 ὀί
416 2206 474 2254 caesa
485 2206 603 2256 securibus
615 2221 679 2254 urar.

70 2277 135 2330 Hunc
154 2299 236 2332 tamen
252 2284 371 2334 infantem
382 2287 494 2334 maternis
505 2283 594 2334 demite
605 2287 693 2344 ramis,
790 2291 831 2337 375

71 2357 99 2406 Et
104 2357 155 2410 date
165 2365 256 2411 nutrici
268 2381 275 2410 r
285 2363 410 2430 nostrique
418 2364 460 2412 sub
468 2365 551 2413 arbore
559 2366 620 2428 saepe

70 2435 114 2490 Lat
124 2437 223 2506 facitote
235 2441 313 2500 bibat,
325 2443 451 2508 nollrrique
462 2445 504 2492 sub
513 2444 596 2492 arbore
610 2440 685 2492 ludat.

72 2513 178 2582 Ctimque
192 2519 261 2584 loqui
272 2523 376 2584 poterit,
390 2535 491 2568 matrem
503 2520 602 2570 facitote
612 2520 707 2569 salutet.

72 2590 100 2640 Et
114 2595 181 2644 trillis
198 2595 283 2654 dicat3
296 2597 365 2647 Latet
377 2599 472 2645 hocsub
483 2593 560 2661 slipi'te
573 2613 656 2646 mater.

71 2671 153 2736 Stagna
170 2677 360 2734 tamentimear,
372 2692 416 2725 nec
427 2690 508 2740 carpat
518 2677 547 2724 ab
560 2677 643 2724 arbore
656 2673 745 2734 flores,
786 2680 835 2740 380

72 2747 101 2798 Et
112 2750 206 2802 frutices
220 2770 303 2802 ornnes
314 2771 398 2819 corpus
412 2769 482 2818 putet
491 2750 537 2804 effe
548 2751 663 2801 Dca'rum.

73 2825 148 2889 Care,
164 2832 217 2883 vale
228 2866 237 2892 ‚
250 2835 336 2898 conjux
346 2867 357 2890 ,
366 2837 389 2882 δι
407 2848 431 2882 tu
441 2847 570 2898 germana,
580 2845 703 2895 paterque.

73 2903 129 2964 Quis
140 2910 159 2956 si
172 2925 220 2973 qun
233 2909 267 2959 est
276 2913 363 2976 pictas,
376 2911 404 2958 nb
414 2925 487 2958 acute:
498 2908 595 2958 vnlnere
614 2907 698 2973 fucis,

72 2982 93 3034 A
107 2990 196 3050 pecoris
211 2989 309 3049 morsu,
322 2985 417 3040 frondes
429 2985 549 3036 defendite
560 2985 660 3037 nostras-
