2056 3706
168 276 598 350 Marxnorrrroraorr
624 259 663 346 i.
689 258 758 348 IV.
790 255 831 366 rt

116 402 167 456 Sed
178 440 186 464 ‚
201 405 311 470 quoniam
323 403 394 453 tantis
405 401 484 454 fatum
495 401 623 452 conatibus
633 399 727 460 obstat,
880 471 886 480 ⁸

117 485 219 535 Neoare
229 482 329 534 odorato
340 483 430 547 spargit
444 496 578 547 corpusque
590 479 719 546 locumque
731 496 740 538 ς
839 493 888 541 ²5⁰

116 561 243 629 Multaque
252 561 394 627 praequestus
405 595 414 620 ,
427 559 523 630 Tanges
534 574 617 608 tamen
627 561 731 620 aethera,
743 557 812 610 disits

117 639 226 690 Protinus
239 641 362 690 imbutum
377 637 469 688 coelesti
487 639 580 688 nectare
597 654 683 704 corpus

114 718 243 774 Delicuit‚
259 733 395 783 tetramque
412 718 455 765 suo
471 713 602 764 madefecit
616 712 709 774 odote3

114 797 258 864 virgaque,
273 814 314 862 per
328 795 410 860 glebas
426 795 513 844 sensim
527 791 647 853 radicibus
657 795 728 850 actis,

113 877 196 926 Tusca
207 877 326 937 surrexit,
342 872 513 940 tumulumque
526 874 652 922 cacumine
660 876 736 938 rupit.
841 885 887 934 253

150 1033 184 1084 At
195 1032 295 1096 Clytien
306 1069 315 1094 ,
327 1035 438 1100 quamvis
449 1048 517 1082 amor
529 1033 637 1082 excusate
648 1027 779 1089 dolorem,

19 1151 27 1159 .
113 1110 287 1176 Indiciumque
299 1109 370 1160 dolor
381 1125 494 1175 poterat,
506 1127 555 1159 non
567 1109 670 1174 amplius
681 1111 761 1158 auelot

120 1189 196 1237 Lucis
207 1187 257 1237 adit
269 1187 432 1252 :Venerisque
443 1185 545 1236 modum
557 1187 600 1236 sibi
613 1187 671 1236 fecit
679 1190 706 1236 iu
715 1186 768 1248 illa·

123 1267 218 1314 Tabuit
228 1264 327 1326 exilio,
345 1262 469 1330 dementer
479 1266 598 1320 amoribus
611 1267 666 1326 usa,

122 1342 292 1408 Nympharum
302 1345 428 1408 impatiens
439 1361 447 1402 3
460 1345 485 1391 δι
495 1343 537 1391 sub
547 1343 622 1404 Jove,
632 1343 702 1394 nodie
712 1341 797 1412 dieque
807 1377 815 1406 ‚
845 1365 890 1406 ,σο

118 1419 191 1470 Sedit
200 1423 274 1470 humo
285 1419 367 1482 nudi,
385 1419 456 1470 nudis
468 1425 574 1472 incomta
585 1421 687 1488 capillis.

117 1499 309 1566 Perquefnovem
320 1499 384 1549 luces
394 1535 403 1560 ‚
415 1517 495 1565 expers
507 1498 623 1566 undaeque
634 1503 749 1568 cibique,
805 1547 814 1560 ,

116 1577 183 1626 Rore
194 1595 277 1638 mero,
294 1579 452 1644 lacrymisque
464 1579 509 1627 suls
520 1582 609 1644 ieiunia
620 1582 706 1646 pavit3

116 1655 171 1704 Nec
182 1659 204 1704 se
215 1661 293 1708 movit
301 1660 388 1716 humo,
399 1657 506 1714 Tantum
515 1659 635 1722 ¹spectabat
646 1659 724 1710 euntia

115 1733 169 1781 Ora
180 1735 227 1782 Dei
239 1754 245 1783 a
255 1735 382 1800 vultusque
394 1737 447 1784 suos
458 1733 567 1784 {dedebat
576 1733 607 1784 ad
618 1737 698 1789 illum.
845 1757 889 1807 ²⁶5

115 1810 234 1860 Membra
244 1811 324 1860 ferunt
334 1809 424 1860 basille
435 1813 488 1860 solo
501 1831 507 1859 t
521 1829 659 1880 partemque
671 1815 760 1864 colotis

117 1887 223 1938 Luridus
234 1892 362 1955 exsangues
374 1888 451 1954 pallor
463 1893 581 1939 convertit
590 1896 615 1946 in
625 1894 717 1942 herbas.

117 1966 161 2016 Est
172 1969 197 2018 in
208 1982 275 2032 parte
289 1967 381 2016 rubore
394 1965 514 2032 violaeque
526 1967 662 2017 simillimus
672 1985 714 2020 ota

117 2047 137 2096 F
139 2045 175 2095 los
186 2049 255 2112 tegit.
267 2045 313 2094 llla
324 2048 392 2094 suum
405 2081 413 2106 ‚
430 2046 539 2112 quamvis
551 2043 631 2096 radice
644 2061 754 2107 tenetur,

118 2126 227 2176 Vertitur
237 2123 268 2174 ad
279 2124 361 2176 Solem
371 2160 379 2186 ,
390 2139 531 2190 mutataque
543 2125 620 2176 servat
630 2143 747 2178 amorem.
843 2129 892 2190 270

55 2325 56 2331 ,
151 2285 272 2336 Dixerat:
287 2288 312 2334 &
324 2283 410 2334 facium
422 2271 530 2335 mirabile
541 2302 636 2352 ceperat
645 2304 722 2338 aures.

119 2365 177 2414 Pars
189 2363 240 2414 lieri
251 2359 352 2428 potuillc
364 2379 450 2430 negant
463 2384 469 2412 ι
482 2382 535 2430 pars
548 2369 630 2414 omnia
640 2384 709 2418 ueros

119 2441 190 2494 Poffe
200 2441 258 2492 deos
269 2457 404 2491 memorant
415 2459 424 2500 3
441 2440 481 2492 sed
492 2459 542 2492 non
553 2440 693 2494 &Bacchus
704 2448 729 2498 in
741 2445 799 2496 illis.

119 2525 229 2574 Poscitur
240 2523 351 2571 Alcithoe'
361 2555 369 2580 ,
380 2520 433 2586 post
444 2519 518 2586 qudm
530 2521 613 2572 siluere
625 2525 732 2580 sorores:

119 2603 180 2664 Quae
192 2600 264 2651 radiis
275 2600 356 2649 stantis
365 2616 501 2666 percurrens
511 2602 609 2650 stamina
620 2602 675 2652 telae
686 2637 695 2664 ,
846 2591 890 2634 ²75

118 2681 239 2746 vulgatos
251 2691 341 2738 taceo,
358 2677 438 2740 dixit,
455 2679 552 2746 pastoris
568 2697 662 2730 artiores

117 2757 255 2824 Daphnidis
267 2755 343 2816 ldaei,
359 2774 430 2824 quem
441 2757 660 2830 Nymphepellicis
672 2759 706 2806 ira
732 2803 735 2814 ,

120 2835 238 2888 Contulit
247 2839 273 2886 in
284 2837 366 2886 sexum
377 2855 384 2884 a
399 2850 477 2894 tantus
488 2833 559 2885 dolor
571 2837 618 2898 urit
628 2850 734 2886 amantes
745 2834 752 2884 l

152 2995 208 3048 Nee
220 2995 328 3062 loquor,
344 3009 372 3045 ut
382 2992 524 3062 quondam,
536 3009 624 3046 nature
635 2999 686 3061 jure
696 3002 789 3041 novato
798 3001 816 3048 ,'

674 3071 698 3121 D
716 3073 741 3134 vj
