2056 3706
220 261 267 320 66
359 253 838 326 P.Or11>11NAsou1s
938 275 942 284 ·

218 373 333 440 Adssuprt
344 377 393 441 ipse
403 377 466 436 sibi,
479 376 595 444 vultuque
607 379 723 426 immotus
734 376 823 428 eodem

220 454 302 504 Haeret
314 489 321 514 ,
341 471 368 504 ut
378 472 390 504 e
402 456 471 504 Pario
485 455 616 504 formatum
628 473 747 506 marmore
757 460 865 521 signnm.

170 535 313 598 ⁴²05pertrt
323 535 391 585 humi
407 536 496 598 positus
507 537 630 600 geminum
640 569 647 594 ,
665 537 704 584 sua
716 534 807 584 lumina
815 569 825 588 ,
837 531 925 593 sidus,

220 611 251 660 Et
264 609 350 676 dignos
361 612 467 666 Baccho¹
483 610 605 678 dignos&
619 612 730 676 Apolline
744 615 840 672 crines,

220 688 380 756 impubesque
391 705 475 755 genas,
495 694 519 742 δι
536 691 638 740 eburnea
648 691 733 752 colla,
751 689 873 756 decusque

221 767 296 826 Oris,
319 771 342 817 ὃ(
355 771 380 816 in
395 771 466 818 niveo
483 771 586 817 mixtum
601 766 704 820 candore
720 770 833 817 ruborem
847 784 855 824 3

220 844 361 911 Cunctaque
371 850 489 906 miratur,
503 848 589 912 quibus
604 847 637 896 est
651 847 766 896 mirabilis
778 848 828 910 ipse
840 864 846 894 r

173 925 250 987 at5Se
264 928 330 989 cupit
343 921 494 989 imprudens:
507 929 531 974 ὃ(
544 959 553 984 ,
567 928 609 990 qui
620 925 721 989 probat.
733 924 774 972 iile
785 924 914 988 probatur.

221 1001 334 1068 Dumque
342 1006 416 1066 perir,
427 1005 529 1066 petitur:
540 1005 674 1068 pariterque
684 1000 808 1064 incendit,
823 1003 849 1052 &
861 998 941 1052 ardet.

222 1079 291 1128 Irrita
302 1079 382 1128 fallaci
392 1083 486 1146 quoties
497 1077 564 1129 dedit
578 1080 659 1130 oscula
670 1079 746 1132 fonti!

222 1156 250 1205 In
264 1155 354 1208 medias
371 1162 478 1224 quoties,
494 1159 572 1209 visum
589 1162 709 1224 captantia
726 1159 843 1220 collum,

223 1233 323 1286 Brachia
337 1241 420 1287 mersit
432 1254 504 1304 aquas
515 1273 523 1297 ‚
535 1255 578 1287 uec
588 1239 612 1288 se
622 1236 746 1302 deprendit
754 1242 779 1287 in
789 1238 856 1288 illisi

177 1312 291 1376 430Quid
301 1314 399 1374 videar,
412 1318 503 1373 nescit3
517 1313 574 1374 sed,
586 1314 653 1382 quod
662 1314 745 1374 videt,
757 1319 833 1365 uritur
843 1314 889 1366 illo
899 1332 910 1375 a

224 1394 303 1459 Atque
317 1394 400 1444 oculos
408 1387 472 1443 ide'm
481 1428 490 1452 ‚
498 1397 540 1459 qui
552 1391 659 1458 decipit,
675 1397 760 1443 inritat
767 1410 841 1444 error.

225 1470 331 1522 Credule
343 1507 351 1531 ‚
362 1469 421 1537 quid
436 1471 518 1520 fruſtra
529 1472 655 1520 simulacra
666 1471 759 1537 fugacia
770 1476 866 1537 captas?

225 1548 299 1610 Quod
307 1553 376 1615 ptris,
384 1550 538 1616 estnusquam
548 1569 553 1597 :
563 1547 629 1617 quod
639 1567 712 1608 amas,
724 1566 838 1608 averrere,
849 1548 943 1615 perdes.

226 1628 270 1676 Ista
283 1623 430 1692 repercussae,
449 1643 521 1692 quam
532 1632 606 1676 cernis
616 1663 625 1686 ,
636 1630 745 1692 imaginis
756 1629 840 1676 umbra
853 1626 895 1678 est.

178 1727 206 1770 43
214 1707 269 1772 5Nil
281 1707 352 1762 habet
362 1707 403 1754 ista
410 1708 444 1756 sui
454 1725 459 1754 :
469 1722 594 1771 tecumque
608 1709 720 1771 venitque
733 1721 876 1770 manetque:

228 1787 319 1838 Tecum
337 1783 456 1844 discedat,
468 1789 488 1836 ti
501 1801 526 1834 tu
537 1782 655 1838 discedere
668 1787 751 1853 possit.

228 1863 285 1914 Non
300 1863 370 1912 iilum
382 1862 474 1914 Cereris
488 1899 495 1923 ,
514 1880 564 1914 non
574 1863 644 1912 iilum
656 1879 711 1912 cura
721 1865 807 1928 quietis

227 1943 365 1992 Abstrahtre
375 1941 430 1992 inde
442 1943 531 2007 potest:
544 1941 585 1992 sed
592 1942 666 2008 opaci
679 1942 742 1990 fusus
750 1945 775 1989 in
785 1942 858 1990 herba
872 1976 881 2001 ,

228 2023 320 2087 speurr
331 2022 451 2088 inexpleto
462 2019 600 2070 mendacem
612 2020 702 2070 lumine
711 2019 813 2068 formam
824 2054 832 2076 ‚

180 2099 319 2168 440Perque
333 2101 416 2148 oculos
429 2103 488 2162 perit
498 2099 545 2162 ipse
557 2099 622 2146 suos:
632 2099 778 2164 paulumque
790 2098 897 2159 levatus,

230 2177 267 2226 Ad
279 2177 454 2226 circumstances
466 2176 563 2226 tendens
576 2177 615 2224 sua
626 2177 721 2224 brachia
733 2175 819 2233 silvan

229 2256 334 2320 Ecquis,
353 2260 380 2302 'io
390 2254 455 2302 silvae
467 2288 474 2312 ,
487 2252 624 2313 crudelius,
636 2257 732 2319 inquit,
745 2256 834 2302 anrrvir
846 2257 854 2302 Ξ
943 2267 945 2276 “

229 2336 298 2383 Scitis
309 2335 373 2383 enim
384 2368 391 2388 ‚
410 2335 434 2380 ἃ
449 2331 530 2380 multis
543 2332 631 2380 Inrebrn
642 2333 777 2397 opp'nrtuna
788 2331 875 2384 fuistis.

229 2413 335 2476 Ecquem
347 2447 354 2470 ‚
365 2412 420 2462 crim
430 2411 509 2462 vestrae
521 2426 559 2460 tot
570 2427 668 2476 agantur
683 2411 761 2460 secula
774 2414 848 2469 vitae,

182 2491 279 2560 445Qui
293 2493 326 2540 sic
342 2491 443 2539 tabuerit
455 2525 463 2548 ,
481 2491 555 2554 longo
566 2490 706 2539 meministis
718 2493 742 2538 in
754 2492 824 2538 aevo?

148 2563 151 2570 ’
231 2569 262 2618 Et
273 2569 366 2634 placet,
380 2573 404 2618 &
416 2567 500 2618 video:
510 2567 548 2617 sed
560 2567 627 2635 quod
635 2565 900 2634 videoqueplacetquc,

231 2647 290 2696 Non
300 2663 379 2699 tamen
394 2651 490 2698 invenio
500 2665 506 2694 ε
516 2662 594 2696 tantus
602 2661 667 2696 tenet
678 2663 743 2694 error
753 2645 890 2694 amantem!

233 2725 335 2792 Qudque
346 2729 421 2791 magis
433 2723 528 2776 doleam
539 2743 547 2782 ς
558 2742 601 2774 nec
612 2741 726 2774 nosmare
736 2726 827 2788 separat
837 2726 920 2785 ingens
928 2755 941 2782 ,

233 2804 284 2858 Nec
294 2807 333 2856 uia
345 2839 353 2865 ,
372 2822 415 2854 nec
425 2820 534 2861 montes,
546 2820 589 2852 nec
600 2805 684 2854 clausis
696 2805 784 2850 mccnia
795 2805 886 2868 portis:

184 2883 324 2950 450Exigu3t
333 2884 486 2948 prohibentur
500 2881 560 2948 aqui
573 2900 578 2930 :
592 2882 657 2946 cupit
667 2881 714 2946 ipse
727 2882 809 2928 reneri.

233 2960 298 3014 Nam
315 2965 408 3033 quoties
418 2959 516 3031 liquidis
526 2962 672 3030 porreximus
683 2957 765 3012 oscus
774 2958 897 3028 tympus,
