2056 3706
243 305 286 378 54
363 283 405 353 P.
436 283 592 353 Otrnrt
615 284 810 351 NAsours

239 409 292 456 iam
308 405 370 457 vada
380 405 498 472 Cephisi,
512 407 665 472 Panopesque
679 407 784 456 evaserat
793 421 850 456 arta

192 500 223 532 20
238 485 302 544 lios,
315 486 394 544 stetit3
410 490 449 544 δι,
465 485 553 534 tollens
568 487 695 550 spatiosam
708 486 820 533 comibus
831 483 890 534 altis

238 561 276 612 Ad
293 563 383 612 coelum
400 563 521 627 frontem,
539 565 669 628 mugitibus
681 561 778 627 impulit
796 579 872 612 auras.

237 643 316 707 Atque
326 643 375 701 ita,
393 643 517 706 respiciens
529 643 628 690 comites
647 643 686 690 sua
698 657 764 708 terga
777 643 920 706 sequentes,

238 719 368 768 Procubuit
381 755 388 779 ‚
405 719 533 786 tenerique
542 721 604 770 latus
615 721 723 772 submisit
736 722 761 768 in
776 721 857 769 herba.

223 791 348 846 ,Colimus
362 802 412 863 agit
427 813 514 863 grates,
529 803 703 865 peregrinoeqtte
720 799 802 848 oscula
812 813 881 848 terra

190 883 217 927 ii
238 876 301 942 figit
312 896 320 930 r,
332 881 355 926 bt
373 881 469 941 ignotos
488 893 581 927 montet
597 893 712 943 agrosque
729 878 823 926 salutat.

239 956 308 1004 Sacra
320 957 373 1005 Jovi
384 956 485 1004 facturus
496 971 546 1006 etat
559 975 565 1004 s
578 959 644 1021 jubet
653 959 686 1004 ire
698 956 816 1004 ministros
824 990 837 1016 ‚

237 1032 270 1084 Er
287 1047 366 1098 petere
380 1052 393 1082 e
408 1037 468 1083 vivis
478 1033 585 1083 libandas
597 1035 704 1084 sontibus
716 1031 799 1084 trudas..

239 1111 303 1161 Silva
313 1128 381 1162 vetus
397 1113 470 1162 stabat
481 1147 488 1172 ,
500 1113 568 1161 nulls
579 1113 670 1162 violata
681 1115 770 1161 securis

238 1187 278 1240 Est
292 1191 372 1256 specus
382 1195 407 1240 in
416 1189 514 1251 medio,
527 1194 600 1256 virgis
611 1207 637 1240 ae
652 1194 741 1264 vimine
753 1189 858 1250 densus,

194 1284 221 1328 30
239 1267 349 1320 Efficiens
367 1269 483 1320 humilem
496 1268 603 1335 lapidum
616 1269 770 1334 compagibus
783 1285 881 1328 arcum

239 1347 357 1396 Uberibus
369 1347 484 1397 fecundus
495 1351 569 1414 aquis.
584 1349 637 1397 Huc
648 1347 760 1397 conditus
773 1361 841 1396 antro

240 1425 342 1474 Martius
357 1429 439 1492 anguis
455 1441 519 1484 etat,
532 1426 605 1475 cristis
617 1429 736 1492 praesiguis
748 1431 771 1475 bc
783 1443 850 1476 auro.

239 1503 297 1569 igne
311 1507 401 1554 micant
412 1504 476 1552 oculi
486 1522 491 1551 ι
501 1521 586 1568 corpus
599 1521 674 1553 tumet
685 1521 757 1553 omne
769 1521 878 1553 veneno:

240 1583 346 1648 Tresque
356 1585 451 1631 vibrant
463 1581 566 1647 linguae,
579 1583 667 1648 triplici
680 1585 740 1634 litut
750 1580 834 1632 ordine
849 1580 943 1636 dentes.

194 1670 219 1714 55
240 1659 318 1720 Quem
330 1661 382 1724 post
397 1659 472 1726 quim
483 1660 558 1722 Tyrii
572 1659 654 1710 lucum
667 1659 696 1710 de
709 1675 778 1726 gente
793 1659 896 1726 profesti

240 1739 344 1787 infausto
362 1741 461 1803 tetigere
475 1737 564 1803 produ,
578 1737 724 1805 demissaque
739 1737 851 1788 inundat

240 1817 307 1866 Urna
318 1815 385 1866 dedit
396 1819 500 1866 sonitum
513 1835 521 1876 3
533 1817 633 1884 longum
645 1833 716 1882 caput
734 1817 819 1878 extulit
829 1832 903 1866 antro

241 1895 363 1947 Caetultus
377 1899 489 1962 serpens,
504 1895 669 1963 horrendaque
681 1895 750 1946 sibila
760 1898 834 1944 misit.

241 1975 357 2025 Effluxere
367 1991 433 2024 utnae
444 1979 552 2025 matribus
565 1995 570 2022 s
583 1977 722 2042 sanguisque
731 1975 845 2041 relinquit

192 2062 223 2101 40
233 2051 335 2119 ,Corpus
346 2057 391 2112 ‚'&
404 2055 518 2104 attonitos
529 2055 618 2102 subitus
630 2069 719 2104 tremor
729 2068 832 2119 occupat
843 2069 922 2108 ειῐῑῑιςι

241 2133 285 2181 Ille
305 2132 451 2182 volubilibus
469 2133 607 2197 squamosos
625 2133 724 2181 nexibus
739 2134 807 2181 orbes
951 2121 952 2124 Ἰ

241 2213 350 2277 Torquet
362 2245 369 2268 ‚
383 2215 406 2258 δι
418 2213 547 2258 immensos
558 2211 617 2260 saltu
627 2213 733 2259 sinuatur
744 2215 769 2258 in
781 2227 867 2268 arensi

241 2291 275 2339 Ac
290 2287 370 2337 medii
386 2289 438 2352 plus
454 2303 519 2352 parte
532 2289 594 2336 leves
611 2292 698 2336 etesius
709 2292 734 2337 in
746 2305 813 2338 auras

241 2357 349 2432 Despicit
359 2383 434 2414 omne
444 2381 527 2414 nemus
539 2385 545 2414 :
557 2381 671 2432 tantoque
683 2367 715 2416 eil
726 2383 842 2431 corpore,
855 2385 965 2435 quanto,
1012 2379 1013 2421 i

193 2472 221 2516 45
242 2447 265 2494 si
277 2460 355 2494 totum
366 2447 451 2510 spesles
461 2480 469 2504 ,
480 2449 586 2510 geminas
598 2449 640 2512 qui
651 2449 742 2510 separat
753 2449 844 2495 Arbios.

242 2523 294 2573 Nec
306 2537 375 2572 mora
387 2544 392 2572 r
405 2525 545 2583 Phoenicas,
560 2529 570 2581 <
584 2527 633 2574 sive
643 2523 680 2572 illi
698 2523 745 2572 tela
762 2527 897 2590 parebunt,

242 2604 296 2652 Sive
311 2602 392 2667 fugam
403 2619 411 2659 ⁴,
423 2605 471 2651 sive
483 2605 531 2667 ipse
544 2606 616 2652 rimor
631 2603 775 2668 prohibebat-
789 2619 940 2670 utrumque,
953 2604 962 2674 )

243 2680 369 2746 Occupat,
388 2683 431 2729 lios
443 2683 536 2740 morsu,
552 2681 630 2746 lbngis
644 2681 809 2745 complexibus
820 2681 898 2734 illos:

208 2757 211 2766 '
243 2758 295 2808 lios
315 2774 383 2808 necat
400 2759 493 2809 afflatos
504 2759 587 2808 funesti
598 2760 651 2807 tabe
664 2762 758 2807 veneni.

198 2856 227 2901 50
245 2838 340 2886 Fecerat
356 2841 450 2907 exiguas
461 2843 511 2903 inm
522 2838 561 2886 Sol
573 2837 699 2886 altissimus
710 2840 823 2896 umbras3

246 2915 305 2976 Quae
317 2932 385 2965 mort
403 2919 432 2964 sit
443 2919 526 2974 sociis,
539 2918 639 2964 miratur
649 2918 757 2980 Agenore
768 2933 858 2982 natus„

246 2993 398 3070 Vestigatque
412 2997 485 3060 viros.
501 2995 618 3062 Tegimen
629 2991 725 3066 derepta
738 2994 806 3050 leoni
