2056 3706
236 305 278 369 82
389 297 432 368 P.
468 299 626 368 Ovrorr
653 302 854 367 Nasonem

185 423 385 489 215Ambsosiarn
397 439 442 488 pro
453 425 561 488 grmnine
571 423 661 472 habent
672 439 678 472 e
690 437 717 472 ea
727 419 786 472 feisa
797 421 896 473 diurnis

233 501 344 551 Membra
354 501 489 550 ministeriis
498 506 594 561 nutrit,
608 515 748 568 reparatque
760 500 850 550 labori.

232 579 348 646 Dumque
357 583 391 631 ibi
402 579 566 650 quadrupedes
579 581 682 632 eoelestia
693 579 782 645 pabula
791 594 898 645 carpunt
910 613 919 640 ,

233 659 337 726 Noxque
345 663 424 710 vienn
436 665 541 727 peragit3
555 661 674 711 thalamos
682 659 748 708 Deus
760 662 836 708 intrat
849 675 962 719 amatos,

233 737 320 788 Versus
330 742 356 788 in
368 741 515 806 Eurynomes
525 740 613 790 faciem
625 741 746 806 genitricis
757 755 764 785 r
778 741 802 786 δι
813 740 879 789 inter

187 817 272 870 stollis
284 819 321 866 sex
333 820 488 869 Leucotho'e'n
499 819 600 868 famulas
608 810 641 868 'ad
652 818 744 867 lumina
753 819 849 877 ceruit,

235 896 308 946 Levia
319 901 413 947 versato
423 896 552 948 ducentem
562 897 662 947 stamina
674 897 736 946 fuso.

146 1025 148 1028 .
234 975 299 1040 Ergo
311 977 370 1035 ubi,
390 991 433 1026 ceu
447 992 523 1026 mater
534 993 593 1026 carae
604 973 672 1025 dedit
683 974 764 1026 oscula
777 990 859 1034 natae;

235 1055 302 1110 Res,
321 1057 370 1110 ait.
387 1069 473 1103 arcana
485 1055 517 1104 est
529 1071 536 1104 a
549 1053 663 1115 famula,
679 1052 811 1104 discedite:
825 1070 888 1104 neve

235 1135 338 1200 Arripite
349 1125 475 1184 arbitrium
487 1136 558 1183 matri
569 1167 577 1194 ,
591 1135 680 1184 secreta
691 1133 808 1198 loquenti.

189 1213 366 1278 225Paruerurrt
377 1233 383 1264 r
395 1214 566 1280 thalamoque,
579 1213 661 1274 Deus,
674 1215 723 1262 sine
736 1213 792 1263 teste
803 1211 888 1260 relillo
900 1225 911 1272 ·‚

236 1289 281 1339 llle
291 1308 335 1358 ego
345 1293 414 1346 sum,
426 1291 486 1342 dixit
497 1327 505 1346 ‚
517 1296 560 1358 qui
570 1293 672 1357 longum
683 1294 770 1341 metior
781 1307 872 1341 aunum
884 1325 894 1345 ,

236 1369 325 1418 Omnia
335 1369 377 1435 qui
388 1368 477 1428 video⁴,
489 1387 530 1436 per
543 1387 616 1438 quern
627 1369 693 1421 videt
704 1371 787 1420 omnia
799 1367 870 1418 tellus
884 1385 892 1426 3

235 1434 585 1510 Mundioculussmihsscrede,
593 1450 680 1515 places.
689 1448 822 1500 Pavetilla:
830 1463 956 1514 metuque.

235 1525 267 1574 Et
277 1525 361 1586 eolus,
374 1529 398 1576 dt
411 1526 475 1576 fusus
485 1525 567 1592 digitis
578 1525 684 1580 cecidere
695 1529 797 1576 remissis
806 1544 814 1586 ς

188 1605 371 1669 ajolpsetimor
382 1603 471 1656 decuit.
483 1605 534 1654 Nec
546 1606 641 1671 longius
651 1605 693 1655 ille
703 1621 823 1659 moratus,

235 1681 264 1731 In
274 1699 355 1734 veram
364 1681 436 1733 rediit
448 1683 551 1744 faciem,
564 1684 709 1750 solitumque
720 1687 833 1734 nitorem.

147 1759 151 1770 '
235 1764 268 1812 At
277 1765 346 1826 virgo
356 1797 364 1822 ,
375 1765 484 1828 quamvis
494 1766 594 1829 inopino
607 1766 688 1814 territa
697 1751 748 1814 viiu
758 1799 766 1824 ,
822 1767 823 1772 ’

236 1840 305 1891 vieta
314 1843 393 1890 nitore
404 1840 467 1904 Dei,
481 1843 559 1908 positi
571 1845 621 1892 vim
633 1840 698 1908 palla
707 1841 803 1908 querela
813 1839 857 1890 est.

237 1919 329 1970 invidit
338 1919 422 1986 Clytie
432 1957 441 1981 ‚
456 1938 533 1988 utque
545 1925 609 1971 enim
619 1919 755 1970 mode‘ratus
765 1924 790 1970 in
800 1920 844 1968 illa

188 1999 216 2046 23
225 1998 299 2048 lsolis
314 2017 382 2049 amor
393 1999 470 2050 fuerat
481 2019 488 2050 t
500 2000 666 2064 stimulataque
677 1999 768 2064 pellicis
779 1997 815 2048 ird

237 2079 328 2143 Vulgat
339 2077 483 2128 adulterium
495 2095 502 2136 3
519 2075 725 2148 diffamatumque¹
733 2079 824 2145 parenti

237 2154 330 2204 indicat
341 2174 347 2206 t
358 2155 400 2204 ille
415 2155 482 2204 ferox
492 2158 710 2224 immansuetusque
722 2171 875 2224 precantem,

238 2232 437 2300 Tendentemque
448 2251 531 2283 manus
543 2233 574 2284 ad
585 2235 676 2285 lumina
687 2237 749 2286 Solis
761 2271 769 2296 ‚
785 2239 825 2290 δι,
841 2234 887 2284 Ille

237 2311 295 2362 Vim
311 2312 367 2362 tulit
383 2315 481 2375 invite,
499 2311 638 2374 dicentem,
652 2311 748 2363 defodit
762 2313 810 2364 atta

190 2387 333 2440 ²40Crudus
343 2393 419 2440 laumo
432 2409 438 2439 r
450 2389 618 2457 tumulumque
628 2391 696 2458 supe'r
705 2395 781 2458 gravis
790 2389 858 2442 addit
870 2407 957 2444 aretae.

237 2467 343 2533 Dissipat
353 2471 416 2516 hunc
428 2468 499 2520 radiis
511 2469 648 2536 Hyperione
658 2485 727 2522 natus
739 2490 746 2520 a
757 2473 849 2538 iterque

192 2571 194 2577 ·
237 2545 287 2596 Dat
298 2548 358 2607 tibi,
372 2565 421 2614 quo
431 2551 505 2618 possis
517 2547 623 2598 defoffos
634 2567 744 2614 promere
754 2549 844 2600 vultus.

238 2625 289 2674 Nec
301 2641 326 2676 tu
338 2630 387 2691 jam
398 2643 492 2691 poteras
502 2629 610 2676 enedum
624 2627 730 2692 pondere
744 2644 811 2678 rerrae

238 2703 352 2764 Tollere,
361 2705 488 2770 Nympha,
498 2721 582 2770 caput:
591 2723 723 2774 corpusque
731 2708 959 2774 exsanguejatcbas·

191 2777 281 2833 ²45Ni1
292 2783 337 2832 illo
348 2783 421 2832 ferrus
431 2783 558 2834 volucrum
569 2781 707 2836 moderator
717 2803 835 2851 equorum

238 2862 292 2910 Poll
302 2861 477 2911 Phaethonteos
487 2859 572 2910 vidiffe
583 2859 798 2930 dolentiusignes.¹

238 2939 283 2988 llle
292 2937 389 3005 quidem
402 2937 494 3004 gelidos
505 2974 512 2998 ‚
525 2937 647 2990 radiorum
658 2942 763 2998 viribus,
775 2957 840 2994 artus
851 2977 861 3006 ,

239 3019 263 3067 Si
277 3035 364 3085 quent,
379 3021 404 3068 iu
418 3021 499 3072 vivum
512 3033 588 3068 tentat
599 3015 709 3071 sfevotare
721 3019 836 3071 calorem.
