2036 3714
196 273 265 318 210
340 248 383 318 P.
407 250 564 316 Orrorr
582 252 780 317 NAsortra

195 373 307 423 lleimihi
316 371 323 421 l
333 370 472 438 qublaborl
483 387 553 438 quem
561 387 628 420 mens
637 387 690 420 mea
700 373 811 437 concipit
819 371 926 436 ignem?

148 457 158 502 5
165 451 227 499 ²⁰Et
237 448 354 499 meditata
367 465 440 500 manu
459 452 585 515 componit
594 450 665 499 verba
676 453 800 499 trementi.

194 529 286 579 Dextra
295 543 361 579 tenet
372 529 474 583 ferrum.
492 543 593 578 voertam
604 543 669 578 tenet
677 528 752 578 altera
762 543 859 577 ceram.

195 609 302 674 Incipit,
321 611 347 658 bc
361 606 472 658 dubitat:
486 607 587 662 scribit,
603 605 750 674 damnatque
761 605 870 656 tabellas
885 622 894 663 ς

195 687 325 745 Etnotat‚
340 685 441 736 &delet
454 705 460 735 ε
474 699 565 746 mutat,
585 687 733 754 culpatque,
749 685 916 752 probatque:

196 767 272 832 lnque
288 768 367 816 vicem
378 767 466 814 sumtas
481 767 564 830 ponit,
580 767 715 831 positasque
725 765 839 813 resumit.

153 841 266 907 525Quid
280 843 359 904 velit,
376 847 472 908 ignorat
485 841 618 909 :quicquid
637 843 726 894 fastuta
737 840 859 902 videtur,

198 921 317 986 Displicet
328 940 334 970 a
346 924 372 971 in
381 921 450 971 vultu
461 921 494 970 est
505 921 604 972 audacia
613 925 688 972 mixta
698 919 798 987 pudori.

199 1001 291 1064 Scripta
301 1001 373 1048 Soror
385 999 477 1048 fuerat:
490 1002 569 1050 visum
576 1000 608 1049 est
618 999 697 1050 delere
708 1001 823 1051 Sororem
834 1032 845 1059 ‚

200 1077 326 1144 Verbaque
336 1077 444 1127 correctis
454 1076 559 1128 incidere
570 1079 627 1128 talia
635 1080 702 1128 ceria.

235 1156 329 1216 Quam,
345 1158 391 1205 nisi
402 1171 428 1204 tu
446 1154 552 1216 dederis,
568 1173 618 1206 non
630 1157 662 1205 est
673 1155 786 1206 habitura
797 1154 908 1203 salutem
923 1189 932 1212 ‚

156 1241 165 1286 5
174 1234 271 1285 l0llanc
280 1237 323 1284 tibi
333 1237 408 1284 mittit
414 1251 506 1284 amans:
512 1233 595 1300 pudet,
607 1235 645 1285 ahl
658 1233 732 1301 pudet
739 1232 810 1283 edere
821 1231 931 1282 nomen!

203 1313 250 1370 Ec,
266 1318 285 1363 si
300 1312 360 1380 quid
372 1317 480 1379 cupiam,
492 1317 592 1380 quaeris3
611 1317 660 1362 sine
670 1317 771 1364 nomine
781 1311 879 1363 vellem
1014 1301 1015 1308 ἵ

204 1391 284 1443 Posset
298 1397 337 1458 agi
346 1409 401 1442 mea
413 1393 481 1442 causa
493 1411 548 1442 meo
561 1412 567 1442 ι
578 1410 621 1443 nec
631 1397 729 1459 cognita
739 1392 823 1454 Byblis

203 1475 266 1522 Ante
287 1471 380 1530 forem,
400 1470 475 1537 quam
486 1474 536 1536 spes
546 1487 659 1523 votorum
671 1488 735 1521 certa
748 1469 839 1520 fuiilet.

204 1547 257 1598 Effe
268 1547 365 1616 quidem
376 1548 423 1596 lesi
435 1563 546 1612 poterant
560 1551 604 1598 tibi
615 1553 713 1614 pectoris
728 1547 817 1609 index,

158 1628 235 1696 535Et
252 1627 320 1676 color
334 1661 342 1684 ‚
360 1629 385 1674 bt
402 1630 507 1686 macies,
520 1631 545 1677 δε
555 1627 654 1688 vultus,
672 1632 696 1677 δι
709 1625 810 1677 humida
821 1627 888 1692 sape

205 1706 323 1764 Lumina,
334 1721 377 1754 nec
394 1705 465 1754 causa
475 1702 573 1772 suspiria
584 1723 651 1756 mota
662 1711 753 1772 patenti
765 1743 774 1769 ,

204 1783 236 1833 Et
253 1785 329 1846 crebri
348 1783 484 1849 amplexua3
501 1789 526 1834 &
538 1801 605 1852 quat,
624 1785 719 1836 sisorte
735 1784 839 1844 notasti,

205 1861 293 1911 Oscula
303 1863 384 1911 sentiri
398 1877 448 1912 non
461 1861 507 1912 elle
521 1865 611 1912 sororia
623 1862 725 1930 pollent.
817 1853 826 1858 ’

205 1939 257 2005 lpsa
273 1955 371 2001 tamen,
384 1945 492 2008 quamvls
507 1944 590 1991 animo
605 1959 675 2008 grave
685 1941 773 1993 vulnus
787 1942 930 2004 habebam,

162 2019 324 2082 540Quamvia
336 2024 400 2071 intus
412 2035 461 2072 erat
471 2020 538 2070 furor
549 2023 651 2088 igneus,
667 2024 750 2072 omnia
760 2021 826 2080 feci,

207 2099 267 2146 Sunt
282 2100 343 2147 mibi
360 2097 394 2162 Di
406 2100 486 2158 testes,
502 2114 528 2149 ut
536 2097 635 2149 tandem
645 2101 724 2150 sanior
734 2096 808 2148 essem
819 2117 826 2150 a

207 2175 360 2240 Pugnavique
377 2175 418 2225 diu
429 2177 536 2227 violenta
549 2177 679 2244 Cupidinis
692 2195 759 2228 arma

207 2251 319 2318 Effugere
339 2254 423 2304 infelix
435 2273 442 2314 ς
462 2260 487 2304 bc
498 2257 566 2322 plue,
585 2257 661 2324 quim
673 2256 733 2307 ferre
742 2256 851 2323 puellam

208 2328 276 2380 l’olse
294 2346 361 2398 putea
373 2368 381 2394 ,
396 2349 441 2399 ego
453 2331 511 2382 dura
522 2335 576 2408 ¹tuli.
593 2337 705 2402 Superata
717 2336 788 2385 fateri

161 2408 305 2473 sarcogor,
325 2427 444 2478 opemque
453 2427 519 2462 tuam
530 2413 622 2464 timidis
632 2415 757 2479 exposcere
768 2417 844 2464 votis.

138 2503 141 2510 ·
209 2488 248 2534 Tu
264 2489 355 2537 servare
365 2505 448 2554 potes,
460 2506 485 2541 tu
503 2491 599 2556 perdere
611 2491 673 2541 solus
684 2507 818 2542 amantem.

210 2565 276 2630 Elige
294 2579 374 2616 utrum
385 2569 466 2618 facias.
477 2570 535 2619 Non
546 2573 593 2620 hoc
604 2571 702 2620 inimica
713 2585 825 2636 precatur
838 2588 844 2619 :

209 2642 256 2693 Sed
267 2659 320 2710 quae
337 2643 391 2694 crim
403 2648 447 2694 tibi
462 2650 494 2697 eit
504 2651 668 2714 muninime,
684 2650 788 2716 junstior
798 2645 847 2698 elle

209 2718 318 2784 Expetit;
335 2723 360 2769 δι
370 2720 453 2771 vinclo
464 2735 543 2771 tecum
553 2725 664 2788 propiore
675 2721 753 2788 ligari.

164 2796 266 2857 552lura
277 2799 340 2847 senet
357 2803 454 2849 norint:
469 2803 494 2849 δι
505 2797 564 2866 quid
573 2801 704 2866 liceatque,
717 2799 851 2865 nefasque,

101 2867 104 2872 ’
212 2875 300 2940 Fasque
317 2879 363 2936 sit,
379 2879 500 2942 inquirant
512 2895 519 2936 3
533 2877 660 2942 legumque
671 2879 781 2926 examina
799 2880 916 2932 servent:

211 2950 363 3012 Conuenient
380 2955 460 3007 Venus
471 2955 504 3008 est
521 2958 588 3008 antus
599 2957 723 3008 temeraria
733 2955 831 3010 nostrie·
