2056 3706
252 215 676 284 MrrAMonrrrosrou
697 215 736 286 L.
757 219 789 287 I.
828 241 867 311 ¹5

152 333 229 384 Mota
245 335 297 385 Dea
314 337 360 397 est,
371 339 509 406 sortemque
520 336 602 388 dedit:
613 337 735 389 Discedite
746 342 855 407 templo,

153 409 188 462 Et
204 413 280 464 telate
291 431 379 481 caput3
394 419 530 484 cinstasque
544 417 655 468 resolvite
669 418 756 477 vellem

154 490 257 559 Oilnque
268 495 320 560 post
330 509 425 561 tergum
439 511 532 560 magnz
541 498 627 562 iactare
636 496 748 546 Parentis.

151 571 298 637 Obstupuere
316 571 358 622 diu
370 592 376 622 r
389 577 527 640 rumpitque
538 574 633 623 silentia
647 589 708 624 voce

147 649 238 712 Pyrrha
255 655 337 717 prior3
354 656 471 718 jussisque
487 653 545 701 Deae
560 651 641 717 parire
650 653 758 702 recusate
871 649 914 711 385

146 727 246 796 Detque
266 733 312 780 sibi
327 734 438 791 veniam,
458 729 547 796 pavido
564 745 634 796 rogat
651 747 694 779 ore
707 748 714 780 s
727 743 843 796 pavetque

146 805 345 875 LaedereJaiiatis
363 825 484 859 maternas
497 811 589 859 ossibus
600 811 706 858 umbras.

146 883 242 936 Interea
252 881 363 952 repetunt
374 892 442 937 trecis
453 890 552 938 obscura
563 889 660 945 latebris
723 929 730 936 .

82 986 86 991 ·
145 961 228 1012 Verba
243 963 304 1015 datae
322 969 505 1027 forinsecum,
522 971 584 1017 inter
595 969 667 1036 seque
680 965 803 1017 volutant.

146 1039 208 1090 Inde
219 1043 384 1094 Promethides
396 1045 496 1110 placidis
507 1045 660 1112 Epimethida
671 1045 739 1096 ditiis
873 1064 921 1111 „e

149 1117 263 1178 Mulcet3
279 1126 303 1170 ὃ(
314 1157 322 1181 ,
335 1123 384 1171 Aut
395 1123 484 1182 fallax,
497 1127 545 1183 ait,
556 1125 590 1173 est
600 1125 708 1173 sollertia
717 1124 804 1181 unbitt

152 1195 203 1244 Aur
214 1200 254 1261 pia
266 1201 320 1247 sunt
330 1234 338 1258 ,
349 1199 493 1265 nulimnqne
504 1201 569 1250 nefas
579 1201 677 1252 oracula
688 1198 795 1250 suadent.
820 1192 824 1198 ’

153 1271 245 1338 Magna
260 1275 344 1325 Parens
355 1291 417 1326 terra
430 1278 463 1326 est
474 1295 481 1325 r
491 1276 580 1342 lapides
592 1281 616 1326 in
627 1295 727 1343 torpore
738 1291 807 1327 terre

153 1349 210 1400 Oil'a
221 1369 275 1401 reor
284 1352 333 1402 diri
340 1373 346 1401 :
353 1359 431 1419 iacere
445 1358 489 1403 hor
494 1356 547 1420 post
558 1371 621 1420 terga
631 1357 750 1421 jubemur.

148 1425 267 1494 Coniugis
286 1436 386 1497 augurio
402 1449 547 1500 quamquam
563 1436 661 1484 Titania
675 1449 743 1483 mota
758 1432 806 1493 est,
868 1447 913 1493 395

145 1506 202 1570 Spes
219 1511 334 1558 tamenin
346 1510 421 1559 dnbio
432 1511 479 1560 est:
492 1511 552 1562 nded
564 1513 697 1562 rnrleliibus
707 1513 781 1561 mbo

143 1581 266 1636 Diffidunt
280 1591 380 1637 monitis
391 1607 396 1636 :
410 1587 450 1638 sed
461 1589 520 1656 quid
530 1605 621 1640 tentate
632 1593 744 1640 nocenter

144 1659 314 1720 Descendunt,
324 1667 453 1733 velantque
463 1683 534 1733 caput
544 1705 552 1729 ,
565 1672 703 1735 tunicasque
715 1671 858 1734 retingunt3

145 1738 179 1788 Et
192 1739 264 1804 juiius
274 1742 364 1808 lapides
378 1747 418 1794 sua
433 1747 485 1810 post
498 1747 596 1813 vestigia
605 1751 715 1797 mittunt·

146 1817 207 1866 Saxa
220 1817 229 1884 (
241 1821 294 1884 quis
305 1823 351 1870 hnc
362 1821 460 1882 eredat,
474 1828 519 1873 nisi
531 1828 562 1874 sit
574 1842 619 1890 pro
629 1825 685 1875 teste
696 1824 799 1874 vetustas
807 1824 835 1892 i)
864 1825 915 1872 4ΩΟ

145 1895 239 1945 Ponere
254 1893 369 1949 duritiem
381 1915 473 1964 crepere
485 1937 493 1959 ,
503 1905 617 1967 suumque
630 1907 734 1967 rigorem
745 1919 753 1960 3

144 1972 288 2042 Mollirique
309 1976 395 2037 meri,
411 1977 555 2044 mollitaque
573 1977 658 2028 ducere
675 1981 787 2030 formam.

144 2051 219 2113 Mor,
235 2055 277 2104 ubi
294 2071 421 2106 creverunt
432 2093 440 2117 ,
451 2073 583 2124 naturaque
598 2061 683 2107 mitior
697 2057 746 2106 illis

144 2130 257 2199 Contigit
270 2168 280 2193 ‚
300 2149 328 2184 ut
337 2133 465 2201 quiedam,
477 2139 510 2184 sic
522 2151 570 2185 non
582 2135 721 2196 manifesta,
734 2133 812 2186 videri

142 2209 230 2260 Forma
243 2213 320 2276 potest
330 2214 451 2272 hominis3
463 2213 502 2264 sed
513 2217 548 2264 uri
559 2213 589 2263 de
598 2229 718 2264 marmore
728 2227 810 2279 coepto
860 2227 906 2272 405

143 2287 213 2344 Non,
223 2292 301 2339 eratin
316 2292 391 2351 satis,
406 2291 550 2360 rudibusque
564 2293 688 2343 simillima
702 2295 784 2358 signis.

145 2366 204 2426 Quae
216 2381 296 2417 tamen
315 2385 342 2418 ex
357 2369 405 2420 illis
414 2371 495 2436 aliquo
507 2387 560 2436 pars
572 2369 672 2420 humida
683 2375 770 2431 luceo,

143 2445 174 2494 Er
192 2445 356 2508 tarentinis,
370 2451 438 2499 versa¹
449 2451 481 2500 est
492 2453 517 2500 'ru
534 2453 640 2516 torporis
655 2451 733 2520 ulum.

143 2523 214 2584 Quod
226 2523 330 2577 solidum
340 2527 372 2576 est
384 2564 391 2586 ‚
402 2526 510 2596 dedique
522 2533 620 2597 nequit,
634 2541 740 2579 mutrnn
750 2529 774 2577 in
790 2524 856 2576 olla:

143 2599 215 2663 Quod
232 2601 308 2654 modo
323 2621 383 2656 vena
394 2605 458 2666 fuit,
476 2608 519 2657 sub
534 2607 620 2658 eodem
632 2611 732 2658 nomine
743 2609 840 2656 mansit.
858 2607 907 2651 4¹0

141 2680 214 2746 lnque
227 2682 291 2732 brevi
302 2685 393 2748 spatio,
406 2685 549 2750 Superornm
560 2691 675 2746 numine,
692 2687 746 2734 saxa

140 2757 212 2808 Musa
228 2763 272 2810 viri
292 2765 401 2812 manibus
415 2763 500 2813 faciem
512 2781 602 2815 traxere
612 2763 728 2814 virilem:

143 2834 172 2884 Et
182 2835 211 2886 de
222 2835 328 2889 femineo
340 2855 444 2906 reparata
460 2843 492 2892 est
504 2843 594 2893 femina
604 2846 675 2908 jaiiu.

143 2912 200 2963 lnde
215 2932 287 2980 genus
297 2915 386 2968 durum
399 2921 492 2981 sumus,
505 2924 674 2988 experiensque
687 2920 815 2969 laborums

141 2992 170 3044 Et
180 2992 326 3048 documenta
333 2995 434 3059 demus,
446 2998 494 3066 qui
503 3003 577 3049 simus
588 3002 681 3064 origine
692 2997 754 3047 nsti-
856 3010 903 3059 415
