<?xml version="1.0" encoding="UTF-8"?>
<!DOCTYPE html PUBLIC "-//W3C//DTD XHTML 1.0 Transitional//EN"
    "http://www.w3.org/TR/xhtml1/DTD/xhtml1-transitional.dtd">
<html xmlns="http://www.w3.org/1999/xhtml" xml:lang="en" lang="en">
 <head>
  <title>
</title>
<meta http-equiv="Content-Type" content="text/html;charset=utf-8" />
  <meta name='ocr-system' content='tesseract 3.04.00' />
  <meta name='ocr-capabilities' content='ocr_page ocr_carea ocr_par ocr_line ocrx_word'/>
</head>
<body>
  <div class='ocr_page' id='page_1' title='image "./povidiinasoniso06ovidgoog_0202.png"; bbox 0 0 2036 3714; ppageno 0'>
   <div class='ocr_carea' id='block_1_1' title="bbox 139 287 804 387">
    <p class='ocr_par' dir='ltr' id='par_1_1' title="bbox 139 287 804 387">
     <span class='ocr_line' id='line_1_1' title="bbox 139 287 804 387; baseline 0.014 -33"><span class='ocrx_word' id='word_1_1' title='bbox 139 299 561 358; x_wconf 72' lang='lat' dir='ltr'>iruTAMotrrroeuou</span> <span class='ocrx_word' id='word_1_2' title='bbox 583 287 621 358; x_wconf 81' lang='lat' dir='ltr'>i.</span> <span class='ocrx_word' id='word_1_3' title='bbox 646 289 709 360; x_wconf 69' lang='lat' dir='ltr'>Ji.</span> <span class='ocrx_word' id='word_1_4' title='bbox 741 311 804 387; x_wconf 79' lang='lat'>195</span> 
     </span>
    </p>
   </div>
   <div class='ocr_carea' id='block_1_2' title="bbox 85 399 769 479">
    <p class='ocr_par' dir='ltr' id='par_1_2' title="bbox 85 399 769 479">
     <span class='ocr_line' id='line_1_2' title="bbox 85 399 769 479; baseline 0.01 -22"><span class='ocrx_word' id='word_1_5' title='bbox 85 399 136 457; x_wconf 81' lang='lat' dir='ltr'>ille</span> <span class='ocrx_word' id='word_1_6' title='bbox 150 405 236 458; x_wconf 76' lang='lat' dir='ltr'>Jovern</span> <span class='ocrx_word' id='word_1_7' title='bbox 251 410 358 459; x_wconf 85' lang='lat' dir='ltr'>socerum</span> <span class='ocrx_word' id='word_1_8' title='bbox 368 408 423 460; x_wconf 86' lang='lat' dir='ltr'>dare</span> <span class='ocrx_word' id='word_1_9' title='bbox 434 413 456 459; x_wconf 88' lang='lat' dir='ltr'>se</span> <span class='ocrx_word' id='word_1_10' title='bbox 470 443 477 471; x_wconf 90' lang='lat'><strong>‚</strong></span> <span class='ocrx_word' id='word_1_11' title='bbox 495 411 633 479; x_wconf 75' lang='lat' dir='ltr'>famamque</span> <span class='ocrx_word' id='word_1_12' title='bbox 644 412 769 470; x_wconf 86' lang='lat' dir='ltr'>laborum,</span> 
     </span>
    </p>
   </div>
   <div class='ocr_carea' id='block_1_3' title="bbox 84 479 860 630">
    <p class='ocr_par' dir='ltr' id='par_1_3' title="bbox 84 479 860 630">
     <span class='ocr_line' id='line_1_3' title="bbox 84 479 860 558; baseline 0.015 -24"><span class='ocrx_word' id='word_1_13' title='bbox 84 479 121 535; x_wconf 78' lang='lat' dir='ltr'>Et</span> <span class='ocrx_word' id='word_1_14' title='bbox 138 484 247 553; x_wconf 84' lang='lat' dir='ltr'>superata</span> <span class='ocrx_word' id='word_1_15' title='bbox 263 491 310 538; x_wconf 82' lang='lat' dir='ltr'>sure</span> <span class='ocrx_word' id='word_1_16' title='bbox 325 490 440 540; x_wconf 79' lang='lat' dir='ltr'>referebat</span> <span class='ocrx_word' id='word_1_17' title='bbox 456 489 516 558; x_wconf 71' lang='lat' dir='ltr'>juria</span> <span class='ocrx_word' id='word_1_18' title='bbox 532 505 649 543; x_wconf 69' lang='lat' dir='ltr'>noverca.</span> <span class='ocrx_word' id='word_1_19' title='bbox 834 507 860 555; x_wconf 79' lang='lat'>¹5</span> 
     </span>
     <span class='ocr_line' id='line_1_4' title="bbox 85 559 840 630; baseline 0.003 -18"><span class='ocrx_word' id='word_1_20' title='bbox 85 559 186 612; x_wconf 77' lang='lat' dir='ltr'>Contra</span> <span class='ocrx_word' id='word_1_21' title='bbox 202 579 247 628; x_wconf 85' lang='lat' dir='ltr'>ego</span> <span class='ocrx_word' id='word_1_22' title='bbox 259 581 265 611; x_wconf 87' lang='lat' dir='ltr'>r</span> <span class='ocrx_word' id='word_1_23' title='bbox 277 561 287 630; x_wconf 93' lang='lat'>(</span> <span class='ocrx_word' id='word_1_24' title='bbox 301 577 367 629; x_wconf 84' lang='lat' dir='ltr'>turpe</span> <span class='ocrx_word' id='word_1_25' title='bbox 379 565 459 614; x_wconf 89' lang='lat' dir='ltr'>Deum</span> <span class='ocrx_word' id='word_1_26' title='bbox 469 565 568 616; x_wconf 80' lang='lat' dir='ltr'>mortali</span> <span class='ocrx_word' id='word_1_27' title='bbox 580 563 663 615; x_wconf 85' lang='lat' dir='ltr'>cedere</span> <span class='ocrx_word' id='word_1_28' title='bbox 677 561 748 615; x_wconf 76' lang='lat' dir='ltr'>duxi:</span> <span class='ocrx_word' id='word_1_29' title='bbox 829 581 840 608; x_wconf 76' lang='grc' dir='ltr'><strong>ο</strong></span> 
     </span>
    </p>
   </div>
   <div class='ocr_carea' id='block_1_4' title="bbox 84 633 864 2034">
    <p class='ocr_par' dir='ltr' id='par_1_4' title="bbox 84 633 864 1162">
     <span class='ocr_line' id='line_1_5' title="bbox 84 633 811 710; baseline 0.003 -20"><span class='ocrx_word' id='word_1_30' title='bbox 84 633 208 690; x_wconf 85' lang='lat' dir='ltr'>Nondum</span> <span class='ocrx_word' id='word_1_31' title='bbox 220 657 269 690; x_wconf 82' lang='lat' dir='ltr'>erat</span> <span class='ocrx_word' id='word_1_32' title='bbox 278 641 319 690; x_wconf 90' lang='lat' dir='ltr'>ille</span> <span class='ocrx_word' id='word_1_33' title='bbox 330 642 415 710; x_wconf 78' lang='lat' dir='ltr'>Deus)</span> <span class='ocrx_word' id='word_1_34' title='bbox 431 645 520 709; x_wconf 79' lang='lat' dir='ltr'>Regem</span> <span class='ocrx_word' id='word_1_35' title='bbox 536 661 575 692; x_wconf 89' lang='lat' dir='ltr'>me</span> <span class='ocrx_word' id='word_1_36' title='bbox 596 646 811 710; x_wconf 58' lang='lat' dir='ltr'>certissimarum,</span> 
     </span>
     <span class='ocr_line' id='line_1_6' title="bbox 85 715 699 788; baseline 0.003 -18"><span class='ocrx_word' id='word_1_37' title='bbox 85 719 207 770; x_wconf 80' lang='lat' dir='ltr'><strong>Cursibus</strong></span> <span class='ocrx_word' id='word_1_38' title='bbox 225 721 329 788; x_wconf 77' lang='lat' dir='ltr'>obliquis</span> <span class='ocrx_word' id='word_1_39' title='bbox 348 725 410 771; x_wconf 80' lang='lat' dir='ltr'>intra</span> <span class='ocrx_word' id='word_1_40' title='bbox 429 715 699 788; x_wconf 78' lang='lat' dir='ltr'>tuaregnafluentrimt</span> 
     </span>
     <span class='ocr_line' id='line_1_7' title="bbox 85 795 721 866; baseline 0.003 -18"><span class='ocrx_word' id='word_1_41' title='bbox 85 795 142 848; x_wconf 86' lang='lat' dir='ltr'>Nec</span> <span class='ocrx_word' id='word_1_42' title='bbox 160 815 232 864; x_wconf 82' lang='lat' dir='ltr'>gener</span> <span class='ocrx_word' id='word_1_43' title='bbox 244 803 345 850; x_wconf 73' lang='lat' dir='ltr'>externit</span> <span class='ocrx_word' id='word_1_44' title='bbox 356 802 440 866; x_wconf 77' lang='lat' dir='ltr'>hospes</span> <span class='ocrx_word' id='word_1_45' title='bbox 452 802 496 850; x_wconf 89' lang='lat' dir='ltr'>tibi</span> <span class='ocrx_word' id='word_1_46' title='bbox 512 797 594 850; x_wconf 83' lang='lat' dir='ltr'>missus</span> <span class='ocrx_word' id='word_1_47' title='bbox 607 805 637 851; x_wconf 85' lang='lat' dir='ltr'>ab</span> <span class='ocrx_word' id='word_1_48' title='bbox 654 804 721 861; x_wconf 84' lang='lat' dir='ltr'>oris,</span> 
     </span>
     <span class='ocr_line' id='line_1_8' title="bbox 85 864 864 946; baseline 0.006 -20"><span class='ocrx_word' id='word_1_49' title='bbox 85 875 136 926; x_wconf 87' lang='lat' dir='ltr'>Sed</span> <span class='ocrx_word' id='word_1_50' title='bbox 152 864 274 942; x_wconf 78' lang='lat' dir='ltr'>popuiaris</span> <span class='ocrx_word' id='word_1_51' title='bbox 285 895 343 938; x_wconf 87' lang='lat' dir='ltr'>ero,</span> <span class='ocrx_word' id='word_1_52' title='bbox 357 883 381 928; x_wconf 74' lang='lat' dir='ltr'>oe</span> <span class='ocrx_word' id='word_1_53' title='bbox 395 895 472 930; x_wconf 87' lang='lat' dir='ltr'>rerum</span> <span class='ocrx_word' id='word_1_54' title='bbox 485 896 537 946; x_wconf 77' lang='lat' dir='ltr'>pars</span> <span class='ocrx_word' id='word_1_55' title='bbox 550 897 596 930; x_wconf 80' lang='lat' dir='ltr'>una</span> <span class='ocrx_word' id='word_1_56' title='bbox 609 892 713 930; x_wconf 83' lang='lat' dir='ltr'>tuarum.</span> <span class='ocrx_word' id='word_1_57' title='bbox 834 889 864 926; x_wconf 81' lang='lat' dir='ltr'>to</span> 
     </span>
     <span class='ocr_line' id='line_1_9' title="bbox 85 953 730 1024; baseline 0.009 -22"><span class='ocrx_word' id='word_1_58' title='bbox 85 953 197 1004; x_wconf 78' lang='lat' dir='ltr'>Tantum</span> <span class='ocrx_word' id='word_1_59' title='bbox 216 973 245 1004; x_wconf 87' lang='lat' dir='ltr'>ne</span> <span class='ocrx_word' id='word_1_60' title='bbox 265 971 369 1018; x_wconf 85' lang='lat' dir='ltr'>noceat,</span> <span class='ocrx_word' id='word_1_61' title='bbox 388 953 455 1024; x_wconf 89' lang='lat' dir='ltr'>quod</span> <span class='ocrx_word' id='word_1_62' title='bbox 474 975 513 1008; x_wconf 85' lang='lat' dir='ltr'>me</span> <span class='ocrx_word' id='word_1_63' title='bbox 530 975 577 1008; x_wconf 86' lang='lat' dir='ltr'>nec</span> <span class='ocrx_word' id='word_1_64' title='bbox 589 961 653 1023; x_wconf 79' lang='lat' dir='ltr'>regia</span> <span class='ocrx_word' id='word_1_65' title='bbox 667 958 730 1008; x_wconf 79' lang='lat' dir='ltr'>Iuno</span> 
     </span>
     <span class='ocr_line' id='line_1_10' title="bbox 84 1031 714 1162; baseline 0.005 -80"><span class='ocrx_word' id='word_1_66' title='bbox 84 1031 150 1162; x_wconf 55' lang='lat' dir='ltr'>{ipim</span> <span class='ocrx_word' id='word_1_67' title='bbox 162 1069 170 1094; x_wconf 96' lang='lat'><strong><em>,</em></strong></span> <span class='ocrx_word' id='word_1_68' title='bbox 187 1037 211 1083; x_wconf 77' lang='grc' dir='ltr'>δι</span> <span class='ocrx_word' id='word_1_69' title='bbox 223 1038 302 1084; x_wconf 85' lang='lat' dir='ltr'>omnis</span> <span class='ocrx_word' id='word_1_70' title='bbox 313 1037 376 1084; x_wconf 87' lang='lat' dir='ltr'>abest</span> <span class='ocrx_word' id='word_1_71' title='bbox 385 1033 501 1101; x_wconf 66' lang='lat' dir='ltr'>iuffurum</span> <span class='ocrx_word' id='word_1_72' title='bbox 513 1053 584 1102; x_wconf 85' lang='lat' dir='ltr'>poena</span> <span class='ocrx_word' id='word_1_73' title='bbox 593 1037 714 1086; x_wconf 79' lang='lat' dir='ltr'>laborum.</span> 
     </span>
    </p>

    <p class='ocr_par' dir='ltr' id='par_1_5' title="bbox 85 1110 863 2034">
     <span class='ocr_line' id='line_1_11' title="bbox 113 1110 720 1178; baseline 0.003 -18"><span class='ocrx_word' id='word_1_74' title='bbox 113 1129 154 1160; x_wconf 85' lang='lat' dir='ltr'>am</span> <span class='ocrx_word' id='word_1_75' title='bbox 172 1110 239 1178; x_wconf 90' lang='lat' dir='ltr'>quod</span> <span class='ocrx_word' id='word_1_76' title='bbox 254 1127 277 1162; x_wconf 91' lang='lat' dir='ltr'>te</span> <span class='ocrx_word' id='word_1_77' title='bbox 290 1115 360 1178; x_wconf 63' lang='lat' dir='ltr'>jacias</span> <span class='ocrx_word' id='word_1_78' title='bbox 376 1113 492 1163; x_wconf 67' lang='lat' dir='ltr'>Alcmene</span> <span class='ocrx_word' id='word_1_79' title='bbox 503 1128 578 1164; x_wconf 84' lang='lat' dir='ltr'>matre</span> <span class='ocrx_word' id='word_1_80' title='bbox 595 1129 720 1169; x_wconf 81' lang='lat' dir='ltr'>creatum.</span> 
     </span>
     <span class='ocr_line' id='line_1_12' title="bbox 85 1184 720 1256; baseline 0.005 -19"><span class='ocrx_word' id='word_1_81' title='bbox 85 1184 196 1254; x_wconf 77' lang='lat' dir='ltr'>iuppiter</span> <span class='ocrx_word' id='word_1_82' title='bbox 206 1206 248 1240; x_wconf 82' lang='lat' dir='ltr'>aut</span> <span class='ocrx_word' id='word_1_83' title='bbox 261 1189 332 1239; x_wconf 87' lang='lat' dir='ltr'>falsus</span> <span class='ocrx_word' id='word_1_84' title='bbox 343 1205 408 1256; x_wconf 86' lang='lat' dir='ltr'>pater</span> <span class='ocrx_word' id='word_1_85' title='bbox 416 1192 465 1245; x_wconf 82' lang='lat' dir='ltr'>eii,</span> <span class='ocrx_word' id='word_1_86' title='bbox 477 1207 517 1241; x_wconf 82' lang='lat' dir='ltr'>aut</span> <span class='ocrx_word' id='word_1_87' title='bbox 529 1196 629 1240; x_wconf 85' lang='lat' dir='ltr'>crimine</span> <span class='ocrx_word' id='word_1_88' title='bbox 642 1207 720 1242; x_wconf 83' lang='lat' dir='ltr'>vetur.</span> 
     </span>
     <span class='ocr_line' id='line_1_13' title="bbox 86 1267 863 1338; baseline 0.003 -20"><span class='ocrx_word' id='word_1_89' title='bbox 86 1269 175 1318; x_wconf 87' lang='lat' dir='ltr'>Matris</span> <span class='ocrx_word' id='word_1_90' title='bbox 185 1267 305 1320; x_wconf 85' lang='lat' dir='ltr'>adulterio</span> <span class='ocrx_word' id='word_1_91' title='bbox 317 1286 409 1335; x_wconf 85' lang='lat' dir='ltr'>patrem</span> <span class='ocrx_word' id='word_1_92' title='bbox 422 1276 482 1337; x_wconf 83' lang='lat' dir='ltr'>petis</span> <span class='ocrx_word' id='word_1_93' title='bbox 494 1291 499 1320; x_wconf 84' lang='lat' dir='ltr'>r</span> <span class='ocrx_word' id='word_1_94' title='bbox 511 1273 588 1338; x_wconf 78' lang='lat' dir='ltr'>elige,</span> <span class='ocrx_word' id='word_1_95' title='bbox 605 1271 688 1322; x_wconf 66' lang='lat' dir='ltr'>fidium</span> <span class='ocrx_word' id='word_1_96' title='bbox 836 1274 863 1320; x_wconf 87' lang='lat'>²5</span> 
     </span>
     <span class='ocr_line' id='line_1_14' title="bbox 86 1344 715 1414; baseline 0.006 -18"><span class='ocrx_word' id='word_1_97' title='bbox 86 1344 143 1396; x_wconf 73' lang='lat' dir='ltr'>Erre</span> <span class='ocrx_word' id='word_1_98' title='bbox 159 1348 245 1398; x_wconf 85' lang='lat' dir='ltr'>iovem</span> <span class='ocrx_word' id='word_1_99' title='bbox 258 1348 346 1407; x_wconf 81' lang='lat' dir='ltr'>malis,</span> <span class='ocrx_word' id='word_1_100' title='bbox 363 1366 394 1399; x_wconf 86' lang='lat' dir='ltr'>an</span> <span class='ocrx_word' id='word_1_101' title='bbox 410 1365 433 1399; x_wconf 84' lang='lat' dir='ltr'>te</span> <span class='ocrx_word' id='word_1_102' title='bbox 449 1366 490 1414; x_wconf 89' lang='lat' dir='ltr'>per</span> <span class='ocrx_word' id='word_1_103' title='bbox 504 1347 607 1400; x_wconf 81' lang='lat' dir='ltr'>dedecus</span> <span class='ocrx_word' id='word_1_104' title='bbox 624 1365 715 1400; x_wconf 89' lang='lat' dir='ltr'>ortum.</span> 
     </span>
     <span class='ocr_line' id='line_1_15' title="bbox 86 1423 674 1491; baseline 0.005 -17"><span class='ocrx_word' id='word_1_105' title='bbox 86 1425 161 1474; x_wconf 85' lang='lat' dir='ltr'>Talia</span> <span class='ocrx_word' id='word_1_106' title='bbox 182 1424 301 1475; x_wconf 82' lang='lat' dir='ltr'>dicentem</span> <span class='ocrx_word' id='word_1_107' title='bbox 317 1429 366 1491; x_wconf 85' lang='lat' dir='ltr'>jam</span> <span class='ocrx_word' id='word_1_108' title='bbox 385 1423 479 1475; x_wconf 88' lang='lat' dir='ltr'>dudum</span> <span class='ocrx_word' id='word_1_109' title='bbox 495 1426 586 1476; x_wconf 87' lang='lat' dir='ltr'>lumine</span> <span class='ocrx_word' id='word_1_110' title='bbox 602 1439 674 1478; x_wconf 89' lang='lat' dir='ltr'>torvo</span> 
     </span>
     <span class='ocr_line' id='line_1_16' title="bbox 87 1501 742 1570; baseline -0.002 -17"><span class='ocrx_word' id='word_1_111' title='bbox 87 1505 203 1569; x_wconf 68' lang='lat' dir='ltr'>spetiat,</span> <span class='ocrx_word' id='word_1_112' title='bbox 221 1507 247 1552; x_wconf 77' lang='grc' dir='ltr'>δι</span> <span class='ocrx_word' id='word_1_113' title='bbox 268 1504 371 1552; x_wconf 74' lang='lat' dir='ltr'>accensa</span> <span class='ocrx_word' id='word_1_114' title='bbox 389 1519 439 1552; x_wconf 85' lang='lat' dir='ltr'>non</span> <span class='ocrx_word' id='word_1_115' title='bbox 461 1501 557 1553; x_wconf 85' lang='lat' dir='ltr'>fortiter</span> <span class='ocrx_word' id='word_1_116' title='bbox 571 1507 673 1570; x_wconf 83' lang='lat' dir='ltr'>imperat</span> <span class='ocrx_word' id='word_1_117' title='bbox 683 1507 742 1563; x_wconf 64' lang='lat' dir='ltr'>im</span> 
     </span>
     <span class='ocr_line' id='line_1_17' title="bbox 87 1579 785 1648; baseline -0.001 -17"><span class='ocrx_word' id='word_1_118' title='bbox 87 1579 217 1648; x_wconf 79' lang='lat' dir='ltr'>Verbaque</span> <span class='ocrx_word' id='word_1_119' title='bbox 228 1597 265 1632; x_wconf 91' lang='lat' dir='ltr'>tot</span> <span class='ocrx_word' id='word_1_120' title='bbox 283 1580 362 1632; x_wconf 85' lang='lat' dir='ltr'>reddit</span> <span class='ocrx_word' id='word_1_121' title='bbox 375 1599 381 1632; x_wconf 83' lang='lat' dir='ltr'>t</span> <span class='ocrx_word' id='word_1_122' title='bbox 393 1584 484 1634; x_wconf 86' lang='lat' dir='ltr'>Melior</span> <span class='ocrx_word' id='word_1_123' title='bbox 504 1587 565 1634; x_wconf 88' lang='lat' dir='ltr'>mihi</span> <span class='ocrx_word' id='word_1_124' title='bbox 581 1583 678 1635; x_wconf 83' lang='lat' dir='ltr'>dextera</span> <span class='ocrx_word' id='word_1_125' title='bbox 694 1582 785 1648; x_wconf 74' lang='lat' dir='ltr'>lingui.</span> 
     </span>
     <span class='ocr_line' id='line_1_18' title="bbox 86 1658 861 1730; baseline -0.003 -20"><span class='ocrx_word' id='word_1_126' title='bbox 86 1658 233 1711; x_wconf 80' lang='lat' dir='ltr'>Dummodo</span> <span class='ocrx_word' id='word_1_127' title='bbox 248 1659 378 1726; x_wconf 81' lang='lat' dir='ltr'>pugnando</span> <span class='ocrx_word' id='word_1_128' title='bbox 391 1660 516 1728; x_wconf 83' lang='lat' dir='ltr'>superem,</span> <span class='ocrx_word' id='word_1_129' title='bbox 531 1679 557 1713; x_wconf 89' lang='lat' dir='ltr'>tu</span> <span class='ocrx_word' id='word_1_130' title='bbox 572 1667 641 1713; x_wconf 87' lang='lat' dir='ltr'>vince</span> <span class='ocrx_word' id='word_1_131' title='bbox 661 1660 794 1730; x_wconf 85' lang='lat' dir='ltr'>loquendo.</span> <span class='ocrx_word' id='word_1_132' title='bbox 832 1660 861 1703; x_wconf 75' lang='lat'>3⁰</span> 
     </span>
     <span class='ocr_line' id='line_1_19' title="bbox 88 1736 822 1806; baseline -0.001 -17"><span class='ocrx_word' id='word_1_133' title='bbox 88 1736 301 1804; x_wconf 81' lang='lat' dir='ltr'>Congrediturque</span> <span class='ocrx_word' id='word_1_134' title='bbox 320 1737 395 1788; x_wconf 83' lang='lat' dir='ltr'>ferox.</span> <span class='ocrx_word' id='word_1_135' title='bbox 413 1738 501 1790; x_wconf 81' lang='lat' dir='ltr'>Puduit</span> <span class='ocrx_word' id='word_1_136' title='bbox 511 1739 588 1791; x_wconf 76' lang='lat' dir='ltr'>modd</span> <span class='ocrx_word' id='word_1_137' title='bbox 603 1757 691 1806; x_wconf 78' lang='lat' dir='ltr'>magna</span> <span class='ocrx_word' id='word_1_138' title='bbox 701 1740 822 1794; x_wconf 83' lang='lat' dir='ltr'>locutum·</span> 
     </span>
     <span class='ocr_line' id='line_1_20' title="bbox 87 1813 696 1883; baseline -0.007 -13"><span class='ocrx_word' id='word_1_139' title='bbox 87 1816 191 1870; x_wconf 89' lang='lat' dir='ltr'>Cedere.</span> <span class='ocrx_word' id='word_1_140' title='bbox 210 1818 290 1880; x_wconf 84' lang='lat' dir='ltr'>Rejeci</span> <span class='ocrx_word' id='word_1_141' title='bbox 305 1813 407 1866; x_wconf 85' lang='lat' dir='ltr'>viridem</span> <span class='ocrx_word' id='word_1_142' title='bbox 423 1815 453 1868; x_wconf 86' lang='lat' dir='ltr'>de</span> <span class='ocrx_word' id='word_1_143' title='bbox 470 1835 570 1883; x_wconf 85' lang='lat' dir='ltr'>corpore</span> <span class='ocrx_word' id='word_1_144' title='bbox 592 1819 696 1877; x_wconf 80' lang='lat' dir='ltr'>vestem3</span> 
     </span>
     <span class='ocr_line' id='line_1_21' title="bbox 85 1883 690 1961; baseline -0.007 -14"><span class='ocrx_word' id='word_1_145' title='bbox 85 1883 235 1961; x_wconf 81' lang='lat' dir='ltr'>Brachiaque</span> <span class='ocrx_word' id='word_1_146' title='bbox 246 1896 348 1960; x_wconf 86' lang='lat' dir='ltr'>opposui</span> <span class='ocrx_word' id='word_1_147' title='bbox 356 1911 362 1941; x_wconf 89' lang='lat' dir='ltr'>r</span> <span class='ocrx_word' id='word_1_148' title='bbox 371 1897 485 1959; x_wconf 86' lang='lat' dir='ltr'>tenuique</span> <span class='ocrx_word' id='word_1_149' title='bbox 496 1912 509 1944; x_wconf 87' lang='lat' dir='ltr'>a</span> <span class='ocrx_word' id='word_1_150' title='bbox 521 1897 614 1960; x_wconf 69' lang='lat' dir='ltr'>pedore</span> <span class='ocrx_word' id='word_1_151' title='bbox 624 1910 690 1946; x_wconf 81' lang='lat' dir='ltr'>varas</span> 
     </span>
     <span class='ocr_line' id='line_1_22' title="bbox 87 1970 731 2034; baseline -0.005 -13"><span class='ocrx_word' id='word_1_152' title='bbox 87 1972 118 2021; x_wconf 84' lang='lat'>111</span> <span class='ocrx_word' id='word_1_153' title='bbox 139 1971 239 2020; x_wconf 82' lang='lat' dir='ltr'>statione</span> <span class='ocrx_word' id='word_1_154' title='bbox 249 1985 354 2029; x_wconf 83' lang='lat' dir='ltr'>manus,</span> <span class='ocrx_word' id='word_1_155' title='bbox 374 1972 398 2017; x_wconf 70' lang='lat' dir='ltr'>dc</span> <span class='ocrx_word' id='word_1_156' title='bbox 416 1983 501 2034; x_wconf 83' lang='lat' dir='ltr'>pugnae</span> <span class='ocrx_word' id='word_1_157' title='bbox 517 1970 624 2018; x_wconf 87' lang='lat' dir='ltr'>membra</span> <span class='ocrx_word' id='word_1_158' title='bbox 641 1971 731 2034; x_wconf 85' lang='lat' dir='ltr'>paravi.</span> 
     </span>
    </p>
   </div>
   <div class='ocr_carea' id='block_1_5' title="bbox 85 2043 860 3131">
    <p class='ocr_par' dir='ltr' id='par_1_6' title="bbox 85 2043 860 3056">
     <span class='ocr_line' id='line_1_23' title="bbox 86 2043 858 2114; baseline -0.005 -14"><span class='ocrx_word' id='word_1_159' title='bbox 86 2049 134 2100; x_wconf 85' lang='lat' dir='ltr'>lile</span> <span class='ocrx_word' id='word_1_160' title='bbox 151 2053 215 2100; x_wconf 81' lang='lat' dir='ltr'>cavis</span> <span class='ocrx_word' id='word_1_161' title='bbox 228 2051 310 2099; x_wconf 83' lang='lat' dir='ltr'>hausto</span> <span class='ocrx_word' id='word_1_162' title='bbox 324 2049 413 2114; x_wconf 81' lang='lat' dir='ltr'>spargit</span> <span class='ocrx_word' id='word_1_163' title='bbox 432 2067 471 2098; x_wconf 90' lang='lat' dir='ltr'>me</span> <span class='ocrx_word' id='word_1_164' title='bbox 491 2047 591 2114; x_wconf 86' lang='lat' dir='ltr'>pulvere</span> <span class='ocrx_word' id='word_1_165' title='bbox 602 2049 707 2114; x_wconf 81' lang='lat' dir='ltr'>palmis,</span> <span class='ocrx_word' id='word_1_166' title='bbox 796 2055 800 2064; x_wconf 63' lang='lat'>⁵</span> <span class='ocrx_word' id='word_1_167' title='bbox 833 2043 858 2088; x_wconf 76' lang='lat'>³5</span> 
     </span>
     <span class='ocr_line' id='line_1_24' title="bbox 85 2127 646 2194; baseline 0 -16"><span class='ocrx_word' id='word_1_168' title='bbox 85 2127 165 2194; x_wconf 85' lang='lat' dir='ltr'>Inque</span> <span class='ocrx_word' id='word_1_169' title='bbox 185 2131 263 2178; x_wconf 89' lang='lat' dir='ltr'>vicem</span> <span class='ocrx_word' id='word_1_170' title='bbox 278 2127 352 2179; x_wconf 75' lang='lat' dir='ltr'>fulve</span> <span class='ocrx_word' id='word_1_171' title='bbox 366 2131 428 2194; x_wconf 73' lang='lat' dir='ltr'>jaiiu</span> <span class='ocrx_word' id='word_1_172' title='bbox 440 2127 547 2178; x_wconf 84' lang='lat' dir='ltr'>flavescit</span> <span class='ocrx_word' id='word_1_173' title='bbox 560 2144 646 2178; x_wconf 73' lang='lat' dir='ltr'>arena.</span> 
     </span>
     <span class='ocr_line' id='line_1_25' title="bbox 86 2203 787 2270; baseline -0.006 -14"><span class='ocrx_word' id='word_1_174' title='bbox 86 2205 120 2256; x_wconf 88' lang='lat' dir='ltr'>Et</span> <span class='ocrx_word' id='word_1_175' title='bbox 141 2203 219 2257; x_wconf 78' lang='lat' dir='ltr'>modd</span> <span class='ocrx_word' id='word_1_176' title='bbox 237 2209 376 2267; x_wconf 84' lang='lat' dir='ltr'>cervicem,</span> <span class='ocrx_word' id='word_1_177' title='bbox 393 2205 470 2256; x_wconf 77' lang='lat' dir='ltr'>modd</span> <span class='ocrx_word' id='word_1_178' title='bbox 481 2223 550 2256; x_wconf 86' lang='lat' dir='ltr'>crura</span> <span class='ocrx_word' id='word_1_179' title='bbox 566 2207 681 2256; x_wconf 84' lang='lat' dir='ltr'>micantia</span> <span class='ocrx_word' id='word_1_180' title='bbox 692 2217 787 2270; x_wconf 79' lang='lat' dir='ltr'>captat,</span> 
     </span>
     <span class='ocr_line' id='line_1_26' title="bbox 87 2283 681 2352; baseline -0.007 -16"><span class='ocrx_word' id='word_1_181' title='bbox 87 2288 137 2336; x_wconf 82' lang='lat' dir='ltr'>Aut</span> <span class='ocrx_word' id='word_1_182' title='bbox 152 2286 246 2352; x_wconf 77' lang='lat' dir='ltr'>captare</span> <span class='ocrx_word' id='word_1_183' title='bbox 256 2301 323 2352; x_wconf 87' lang='lat' dir='ltr'>putes</span> <span class='ocrx_word' id='word_1_184' title='bbox 330 2301 338 2344; x_wconf 87' lang='lat'>;</span> <span class='ocrx_word' id='word_1_185' title='bbox 348 2287 464 2351; x_wconf 85' lang='lat' dir='ltr'>omnique</span> <span class='ocrx_word' id='word_1_186' title='bbox 475 2301 488 2334; x_wconf 88' lang='lat' dir='ltr'>a</span> <span class='ocrx_word' id='word_1_187' title='bbox 499 2290 565 2350; x_wconf 67' lang='lat' dir='ltr'>pa&#39;rt&#39;e‘</span> <span class='ocrx_word' id='word_1_188' title='bbox 580 2283 681 2334; x_wconf 74' lang='lat' dir='ltr'>lucessit.</span> 
     </span>
     <span class='ocr_line' id='line_1_27' title="bbox 87 2363 726 2430; baseline -0.006 -14"><span class='ocrx_word' id='word_1_189' title='bbox 87 2365 130 2416; x_wconf 88' lang='lat' dir='ltr'>Me</span> <span class='ocrx_word' id='word_1_190' title='bbox 147 2382 201 2416; x_wconf 82' lang='lat' dir='ltr'>mea</span> <span class='ocrx_word' id='word_1_191' title='bbox 219 2363 328 2415; x_wconf 80' lang='lat' dir='ltr'>defendit</span> <span class='ocrx_word' id='word_1_192' title='bbox 339 2367 460 2430; x_wconf 79' lang='lat' dir='ltr'>gravitas,</span> <span class='ocrx_word' id='word_1_193' title='bbox 476 2364 608 2430; x_wconf 83' lang='lat' dir='ltr'>frustraque</span> <span class='ocrx_word' id='word_1_194' title='bbox 620 2365 726 2429; x_wconf 86' lang='lat' dir='ltr'>petebat.</span> 
     </span>
     <span class='ocr_line' id='line_1_28' title="bbox 87 2441 860 2512; baseline -0.005 -16"><span class='ocrx_word' id='word_1_195' title='bbox 87 2443 161 2496; x_wconf 84' lang='lat' dir='ltr'>Haud</span> <span class='ocrx_word' id='word_1_196' title='bbox 177 2447 241 2494; x_wconf 80' lang='lat' dir='ltr'>secut</span> <span class='ocrx_word' id='word_1_197' title='bbox 253 2461 280 2494; x_wconf 87' lang='lat' dir='ltr'>ac</span> <span class='ocrx_word' id='word_1_198' title='bbox 289 2445 365 2496; x_wconf 79' lang='lat' dir='ltr'>moles</span> <span class='ocrx_word' id='word_1_199' title='bbox 375 2481 383 2504; x_wconf 91' lang='lat'>‚</span> <span class='ocrx_word' id='word_1_200' title='bbox 393 2463 467 2512; x_wconf 88' lang='lat' dir='ltr'>quarn</span> <span class='ocrx_word' id='word_1_201' title='bbox 476 2461 565 2510; x_wconf 84' lang='lat' dir='ltr'>magno</span> <span class='ocrx_word' id='word_1_202' title='bbox 577 2459 699 2494; x_wconf 85' lang='lat' dir='ltr'>murmure</span> <span class='ocrx_word' id='word_1_203' title='bbox 709 2441 794 2492; x_wconf 66' lang='lat' dir='ltr'>fluitur</span> <span class='ocrx_word' id='word_1_204' title='bbox 828 2460 860 2504; x_wconf 81' lang='lat'>40</span> 
     </span>
     <span class='ocr_line' id='line_1_29' title="bbox 89 2523 740 2592; baseline -0.002 -18"><span class='ocrx_word' id='word_1_205' title='bbox 89 2527 253 2592; x_wconf 81' lang='lat' dir='ltr'>oppugnant:</span> <span class='ocrx_word' id='word_1_206' title='bbox 266 2543 347 2577; x_wconf 84' lang='lat' dir='ltr'>manet</span> <span class='ocrx_word' id='word_1_207' title='bbox 356 2525 415 2588; x_wconf 88' lang='lat' dir='ltr'>ilia,</span> <span class='ocrx_word' id='word_1_208' title='bbox 428 2527 517 2592; x_wconf 83' lang='lat' dir='ltr'>suoque</span> <span class='ocrx_word' id='word_1_209' title='bbox 529 2527 562 2574; x_wconf 90' lang='lat' dir='ltr'>est</span> <span class='ocrx_word' id='word_1_210' title='bbox 571 2523 676 2590; x_wconf 84' lang='lat' dir='ltr'>pondere</span> <span class='ocrx_word' id='word_1_211' title='bbox 689 2539 740 2574; x_wconf 91' lang='lat' dir='ltr'>tuta</span> 
     </span>
     <span class='ocr_line' id='line_1_30' title="bbox 86 2597 762 2672; baseline -0.004 -19"><span class='ocrx_word' id='word_1_212' title='bbox 86 2601 244 2670; x_wconf 77' lang='lat' dir='ltr'>Digredimur</span> <span class='ocrx_word' id='word_1_213' title='bbox 255 2604 353 2669; x_wconf 90' lang='lat' dir='ltr'>paulum</span> <span class='ocrx_word' id='word_1_214' title='bbox 367 2619 372 2652; x_wconf 75' lang='lat' dir='ltr'>e</span> <span class='ocrx_word' id='word_1_215' title='bbox 385 2606 523 2672; x_wconf 87' lang='lat' dir='ltr'>rursumque</span> <span class='ocrx_word' id='word_1_216' title='bbox 536 2597 566 2653; x_wconf 86' lang='lat' dir='ltr'>ad</span> <span class='ocrx_word' id='word_1_217' title='bbox 578 2601 641 2652; x_wconf 82' lang='lat' dir='ltr'>bella</span> <span class='ocrx_word' id='word_1_218' title='bbox 651 2601 762 2662; x_wconf 83' lang='lat' dir='ltr'>coimus,</span> 
     </span>
     <span class='ocr_line' id='line_1_31' title="bbox 88 2678 760 2746; baseline -0.003 -17"><span class='ocrx_word' id='word_1_219' title='bbox 88 2681 164 2745; x_wconf 87' lang='lat' dir='ltr'>inque</span> <span class='ocrx_word' id='word_1_220' title='bbox 176 2678 251 2746; x_wconf 86' lang='lat' dir='ltr'>gradu</span> <span class='ocrx_word' id='word_1_221' title='bbox 269 2681 390 2742; x_wconf 73' lang='lat' dir='ltr'>stetimus,</span> <span class='ocrx_word' id='word_1_222' title='bbox 407 2685 465 2732; x_wconf 89' lang='lat' dir='ltr'>terti</span> <span class='ocrx_word' id='word_1_223' title='bbox 479 2697 529 2730; x_wconf 88' lang='lat' dir='ltr'>non</span> <span class='ocrx_word' id='word_1_224' title='bbox 545 2678 627 2730; x_wconf 90' lang='lat' dir='ltr'>cedere</span> <span class='ocrx_word' id='word_1_225' title='bbox 641 2697 649 2738; x_wconf 68' lang='grc' dir='ltr'><strong><em>ς</em></strong></span> <span class='ocrx_word' id='word_1_226' title='bbox 663 2693 760 2744; x_wconf 83' lang='lat' dir='ltr'>eratque</span> 
     </span>
     <span class='ocr_line' id='line_1_32' title="bbox 88 2753 793 2826; baseline 0.001 -17"><span class='ocrx_word' id='word_1_227' title='bbox 88 2757 154 2809; x_wconf 88' lang='lat' dir='ltr'>Cum</span> <span class='ocrx_word' id='word_1_228' title='bbox 175 2753 236 2824; x_wconf 91' lang='lat' dir='ltr'>pede</span> <span class='ocrx_word' id='word_1_229' title='bbox 254 2775 294 2824; x_wconf 83' lang='lat' dir='ltr'>pes</span> <span class='ocrx_word' id='word_1_230' title='bbox 308 2762 399 2824; x_wconf 72' lang='lat' dir='ltr'>juniius</span> <span class='ocrx_word' id='word_1_231' title='bbox 411 2780 416 2808; x_wconf 88' lang='lat' dir='ltr'>r</span> <span class='ocrx_word' id='word_1_232' title='bbox 429 2759 531 2826; x_wconf 78' lang='lat' dir='ltr'>tdtoque</span> <span class='ocrx_word' id='word_1_233' title='bbox 541 2775 585 2824; x_wconf 81' lang='lat' dir='ltr'>ego</span> <span class='ocrx_word' id='word_1_234' title='bbox 598 2761 692 2824; x_wconf 74' lang='lat' dir='ltr'>peiiote</span> <span class='ocrx_word' id='word_1_235' title='bbox 705 2772 793 2824; x_wconf 81' lang='lat' dir='ltr'>prorius</span> 
     </span>
     <span class='ocr_line' id='line_1_33' title="bbox 87 2834 854 2902; baseline -0.004 -16"><span class='ocrx_word' id='word_1_236' title='bbox 87 2835 121 2887; x_wconf 87' lang='lat' dir='ltr'>Et</span> <span class='ocrx_word' id='word_1_237' title='bbox 140 2834 229 2902; x_wconf 84' lang='lat' dir='ltr'>digitos</span> <span class='ocrx_word' id='word_1_238' title='bbox 247 2834 343 2902; x_wconf 79' lang='lat' dir='ltr'>digitis,</span> <span class='ocrx_word' id='word_1_239' title='bbox 359 2837 384 2886; x_wconf 73' lang='lat' dir='ltr'>ie</span> <span class='ocrx_word' id='word_1_240' title='bbox 398 2837 503 2886; x_wconf 82' lang='lat' dir='ltr'>frontem</span> <span class='ocrx_word' id='word_1_241' title='bbox 515 2835 595 2884; x_wconf 89' lang='lat' dir='ltr'>fronte</span> <span class='ocrx_word' id='word_1_242' title='bbox 612 2836 758 2899; x_wconf 83' lang='lat' dir='ltr'>premebam.</span> <span class='ocrx_word' id='word_1_243' title='bbox 826 2857 854 2900; x_wconf 76' lang='lat'>45</span> 
     </span>
     <span class='ocr_line' id='line_1_34' title="bbox 88 2913 649 2974; baseline -0.004 -10"><span class='ocrx_word' id='word_1_244' title='bbox 88 2913 144 2964; x_wconf 82' lang='lat' dir='ltr'>Non</span> <span class='ocrx_word' id='word_1_245' title='bbox 155 2913 225 2964; x_wconf 84' lang='lat' dir='ltr'>aliter</span> <span class='ocrx_word' id='word_1_246' title='bbox 240 2913 313 2964; x_wconf 81' lang='lat' dir='ltr'>forres</span> <span class='ocrx_word' id='word_1_247' title='bbox 326 2913 377 2966; x_wconf 89' lang='lat' dir='ltr'>vidi</span> <span class='ocrx_word' id='word_1_248' title='bbox 394 2927 534 2965; x_wconf 85' lang='lat' dir='ltr'>concurrere</span> <span class='ocrx_word' id='word_1_249' title='bbox 553 2927 649 2974; x_wconf 82' lang='lat' dir='ltr'>tauros,</span> 
     </span>
     <span class='ocr_line' id='line_1_35' title="bbox 88 2984 709 3056; baseline -0.008 -15"><span class='ocrx_word' id='word_1_250' title='bbox 88 2987 154 3042; x_wconf 83' lang='lat' dir='ltr'>Cum</span> <span class='ocrx_word' id='word_1_251' title='bbox 166 2991 272 3054; x_wconf 88' lang='lat' dir='ltr'>pretium</span> <span class='ocrx_word' id='word_1_252' title='bbox 282 3003 382 3056; x_wconf 79' lang='lat' dir='ltr'>pugnae,</span> <span class='ocrx_word' id='word_1_253' title='bbox 403 3001 457 3040; x_wconf 88' lang='lat' dir='ltr'>toto</span> <span class='ocrx_word' id='word_1_254' title='bbox 473 2984 616 3040; x_wconf 78' lang='lat' dir='ltr'>nitidissima</span> <span class='ocrx_word' id='word_1_255' title='bbox 631 2987 709 3044; x_wconf 84' lang='lat' dir='ltr'>saltu,</span> 
     </span>
    </p>

    <p class='ocr_par' dir='ltr' id='par_1_7' title="bbox 665 3066 708 3131">
     <span class='ocr_line' id='line_1_36' title="bbox 665 3066 708 3131; baseline 0 -17"><span class='ocrx_word' id='word_1_256' title='bbox 665 3066 708 3131; x_wconf 89' lang='lat' dir='ltr'>iij</span> 
     </span>
    </p>
   </div>
   <div class='ocr_carea' id='block_1_6' title="bbox 0 0 1028 3714">
    <p class='ocr_par' dir='ltr' id='par_1_8' title="bbox 0 0 1028 3714">
     <span class='ocr_line' id='line_1_37' title="bbox 0 0 1028 3714; baseline 0 0"><span class='ocrx_word' id='word_1_257' title='bbox 0 0 1028 3714; x_wconf 95' lang='lat' dir='ltr'> </span> 
     </span>
    </p>
   </div>
  </div>
 </body>
</html>
