2056 3706
228 250 272 331 56
346 244 390 313 P.
418 246 572 314 Orrorr
595 251 788 318 lemannus

223 361 270 412 Sed
285 363 337 416 leve
352 367 439 418 vulnus
452 384 519 428 erat,
531 372 586 437 quia
596 373 619 421 se
629 373 763 422 retrahebat
771 373 802 420 ab
813 373 883 432 idn,

222 442 334 510 Lassaque
352 447 415 497 colla
427 446 499 500 dabat
509 465 589 508 tetros
602 450 743 516 plagamque
754 447 835 500 sedere

224 517 341 572 Cedendo
353 527 465 586 arcebat,
477 544 521 578 nec
531 527 624 593 longius
635 532 669 578 ire
681 530 781 578 sinebat.

175 603 206 644 90
225 599 308 650 Donec
319 602 465 668 Agenorides
477 609 610 671 conjedunt
621 609 647 656 in
657 622 752 672 gutture
764 606 858 658 serrum

224 679 305 746 Usque
322 683 420 748 sequens
431 688 528 748 pressit:
541 683 599 736 dum
610 701 674 736 retro
685 701 784 751 quercus
794 688 863 734 eunti

224 760 323 809 Obstitit
336 795 344 820 ,
358 766 382 812 δι
395 760 441 812 fixa
453 763 486 812 est
496 768 582 828 pariter
591 780 646 812 curn
657 765 743 812 robore
754 766 844 812 cervix.

224 837 332 890 Pondere
349 843 461 908 serpentis
473 857 570 892 curvata
581 843 614 892 est
629 844 716 901 arbor,
730 846 755 892 ὃ(
771 845 828 890 imae

225 917 293 966 Parte
310 913 425 984 flagellari
443 924 535 984 gemuit
545 923 585 970 sua
595 922 683 970 robora
693 918 782 970 caudae.

175 1001 205 1046 95
226 995 291 1044 Duru
308 997 411 1060 spatium
426 1001 501 1047 vidior
512 1001 567 1048 vieti
581 997 716 1050 considerat
730 999 818 1054 hostis,

225 1069 278 1123 vox
285 1074 364 1124 subito
375 1074 455 1126 audita
465 1077 508 1126 est:
515 1093 591 1144 neque
599 1093 649 1127 erat
654 1079 796 1143 cognoscere
802 1090 944 1141 promptum

224 1150 310 1212 Unde,
322 1151 364 1204 sed
374 1153 455 1205 audita
464 1156 504 1206 est.
520 1155 600 1217 Quid,
612 1158 719 1222 Agenore
730 1171 798 1214 nare,
808 1171 944 1220 peremtum

224 1231 362 1296 Serpentem
382 1236 485 1300 spedas?
502 1239 526 1284 δι
546 1250 571 1285 tu
583 1235 714 1300 spestabere
725 1237 828 1298 serpens.

225 1309 269 1358 Ille
284 1310 325 1359 diu
340 1312 439 1377 pavidus
452 1349 460 1372 ,
472 1317 559 1378 pariter
569 1331 625 1362 curn
636 1328 715 1362 mente
726 1311 836 1362 colorem

179 1387 380 1450 ¹00Perdiderat5
397 1390 526 1458 gelidoque
539 1409 615 1442 comae
626 1407 714 1442 terrore
726 1392 845 1456 rigebant.

224 1469 286 1518 Ecce
296 1472 341 1518 viri
355 1469 459 1528 fautrix,
471 1471 564 1535 superas
576 1469 671 1536 delapsa
682 1487 723 1535 per
734 1485 817 1523 auras,

224 1547 302 1596 Pallas
314 1545 377 1597 adest
389 1567 395 1596 τ
410 1549 529 1616 motaque
542 1551 609 1615 jubet
620 1551 751 1614 supponere
762 1562 831 1596 terrae

224 1626 339 1691 Vipereos
357 1625 456 1688 dentes,
473 1629 557 1692 populi
569 1632 716 1678 incrementa
727 1627 812 1677 futuri.

224 1704 293 1752 Paret
305 1725 310 1752 ι
325 1708 348 1752 it
359 1739 366 1764 ,
379 1719 406 1754 ut
418 1703 495 1770 preffo
507 1707 599 1756 sulcum
614 1706 725 1771 patefecit
736 1718 834 1765 aratro,

179 1785 317 1848 105Spnrgit
334 1778 402 1832 humi
419 1782 506 1849 juffos,
519 1786 631 1836 mortalia
642 1786 731 1833 semina
742 1817 750 1842 ,
763 1781 856 1832 dentes.

224 1861 283 1911 Inde
296 1899 303 1922 ,
325 1861 372 1912 fide
382 1858 476 1929 majus,
492 1864 567 1930 giebae
579 1881 672 1930 crepere
687 1864 794 1919 moveri3

208 1933 211 1940 ’
224 1941 351 2009 Primaque
362 1941 391 1992 de
403 1943 472 1993 sulcis
482 1947 542 1992 acies
554 1945 663 2008 apparuit
672 1941 752 1990 hastae.

225 2023 344 2087 Tegmina
354 2041 411 2072 mox
422 2026 528 2088 copinam
539 2025 602 2086 pisto
612 2023 721 2069 nutantia
736 2035 814 2076 cono;

225 2102 286 2150 Mox
301 2106 394 2150 humeri
406 2105 532 2168 pedusque
544 2135 552 2159 ,
564 2115 709 2164 onerataque
720 2099 815 2150 brachia
827 2094 883 2145 telis
945 2113 947 2115 ·
1014 2099 1015 2102 ’

179 2179 344 2239 moliminum
357 2198 362 2226 τ
376 2181 505 2244 crescitque
518 2181 581 2244 seges
592 2178 701 2242 clypeata
711 2180 829 2226 virorum.

224 2259 263 2305 Sic
274 2291 281 2314 ,
299 2257 340 2304 ubi
353 2255 471 2304 tolluntur
483 2257 545 2304 festis
556 2257 630 2305 aulea
640 2258 753 2312 theatris,

225 2339 324 2399 Surgere
338 2337 405 2400 signa
415 2333 493 2382 solent
504 2367 512 2392 ,
531 2335 683 2398 primumque
694 2329 815 2382 ostendere
827 2329 925 2380 vultum
936 2347 945 2389 3

225 2411 313 2464 Cetera
322 2413 438 2478 paulatim
448 2431 455 2471 3
470 2409 612 2477 placidoque
627 2409 711 2460 eduiia
721 2425 803 2460 tenore

226 2492 290 2541 Tota
299 2507 381 2556 patent
394 2525 402 2549 ,
418 2495 517 2556 imoque
528 2488 598 2554 pedes
609 2493 634 2540 in
645 2493 751 2554 margine
762 2501 866 2552 ponunt.

179 2569 332 2621 ¹¹5Tertitus
348 2570 414 2618 hoste
425 2585 490 2618 novo
505 2567 613 2619 Cadmus
628 2585 709 2634 capere
720 2583 786 2618 arma
799 2567 913 2630 parabat3

225 2648 262 2698 Ne
280 2665 352 2714 cape,
372 2645 402 2696 de
413 2646 521 2713 populo,
539 2665 611 2713 quem
623 2662 683 2696 terra
695 2659 829 2706 creaverat,
841 2659 904 2694 uuus

223 2728 368 2778 Exclamat:
380 2743 423 2776 nec
434 2742 457 2777 te
468 2726 578 2776 civilibus
586 2727 661 2776 insere
671 2724 749 2774 bellis.

222 2809 303 2874 Atque
317 2811 368 2868 ita,
386 2808 508 2871 terrigenis
519 2803 597 2870 rigido
608 2802 638 2852 de
648 2805 759 2852 fratribus
770 2817 847 2850 unum

226 2886 344 2937 Cominus
362 2887 415 2934 ense
425 2885 481 2934 ferit
493 2902 498 2932 :
511 2883 590 2949 jaculo
602 2880 666 2931 eadit
677 2884 769 2930 eminus
781 2881 840 2944 ipse.

179 2967 272 3029 rapine
284 2981 380 3034 quoque
391 2997 400 3028 ,
412 2966 454 3032 qui
465 2963 515 3014 leto
526 2959 624 3023 dederat
634 2997 644 3026 ‚
654 2976 704 3012 uon
714 2959 809 3026 longius
822 2957 870 3022 ilio
