2036 3714
197 315 266 378 204
302 369 306 376 ,
339 261 780 362 mortuummare

192 416 297 475 Traxit,
315 417 340 464 δι
357 429 444 466 eterra
457 429 545 479 corpus
557 412 661 463 relevare
671 412 799 462 volentem

192 496 276 544 Arcuit
289 497 380 559 :inque
394 491 465 558 pedet
484 495 587 542 mutavit
598 491 694 542 brachia
703 493 808 556 primos.

144 574 324 623 ³²0srrenuiras
341 574 440 638 antiqua
455 585 537 620 manet
549 587 555 618 t
567 585 610 618 nec
621 584 686 634 terga
697 567 810 620 colorem

193 651 300 704 Amisere
320 651 389 702 sutum
400 667 407 699 r
419 648 498 700 forma
513 647 545 699 est
561 646 654 697 diversa
670 649 756 712 priori.

194 729 254 790 Quae
267 763 275 790 ,
291 732 348 796 quia
358 726 468 778 mendaci
479 729 611 792 parientem
620 729 713 790 juverat
723 740 781 782 ore,

193 809 242 859 Ore
257 813 320 876 partit
330 827 336 859 t
345 809 481 876 noſtrasque
492 795 579 861 domos
585 840 595 868 ,
608 821 634 854 ut
643 808 668 858 δι
679 820 751 859 aute,
767 803 927 869 frequentat.

228 969 310 1019 Dixit:
324 973 365 1030 &,
383 967 508 1020 admonitu
523 969 609 1018 vetetis
628 978 753 1016 commota
766 959 907 1018 ministrae,

147 1048 330 1112 i²llngemuit3
343 1064 416 1114 quam
427 1049 460 1095 sic
470 1063 542 1094 nurus
551 1045 584 1094 est
592 1042 663 1094 affata
674 1056 823 1108 gementem.

194 1119 230 1168 Te
248 1135 348 1181 tamen,
367 1117 397 1168 ol
409 1121 528 1186 genitrix,
547 1119 630 1168 alienae
645 1118 759 1182 sanguine
776 1113 862 1164 vestro

194 1197 271 1261 Rapta
282 1212 365 1248 movet
376 1195 456 1248 facies.
465 1192 546 1256 Quid?
563 1197 584 1246 si
593 1196 636 1244 tibi
650 1197 711 1242 mira
720 1194 810 1242 sororis

193 1275 251 1328 Fata
261 1291 320 1328 meae
328 1273 430 1328 refer'arn
441 1280 452 1330 ξ
463 1287 608 1340 quamquam
624 1272 783 1338 lacrymaeque
794 1267 927 1336 dolorque

191 1351 344 1417 Impediunt,
357 1353 533 1419 prohibentque
540 1352 616 1417 loqui.
628 1352 646 1400 F
648 1354 683 1400 uit
692 1353 763 1400 unica
774 1351 847 1398 matri
858 1384 869 1406 ,

143 1430 233 1482 tevine
251 1443 317 1498 pater
327 1431 410 1482 exalia
419 1433 502 1496 genuit
513 1464 521 1491 ,
532 1433 657 1482 notissima
668 1427 747 1478 sormi

193 1505 346 1560 OEchalidum
358 1542 369 1566 ,
382 1508 481 1574 Dryope
493 1527 499 1556 r
511 1525 584 1574 quam
594 1509 730 1572 virginitate
739 1520 864 1556 carentem
875 1539 890 1567 ,

191 1583 298 1649 Vimque
307 1583 355 1633 Dei
371 1581 478 1649 pasl'atn,
489 1585 597 1650 Delphos
609 1584 737 1651 Delonque
748 1587 851 1634 tenentis
857 1617 871 1646 ‚

191 1659 287 1726 Excipit
296 1651 443 1716 Auilraemon
453 1681 461 1722 3
473 1666 498 1714 δι
508 1665 609 1716 liabetur
616 1668 717 1732 conjuge
730 1663 798 1716 felix,

192 1737 232 1788 Est
243 1739 321 1800 lacus,
336 1740 422 1792 acclivi
433 1739 525 1792 devexo
533 1731 641 1808 margine
649 1742 755 1792 formam

145 1817 280 1874 iisLitoris
290 1815 393 1868 efficiens
405 1837 411 1867 t
423 1820 544 1872 summurn
555 1835 658 1884 myrteta
667 1835 797 1872 coronant.

192 1895 297 1946 Venerat
308 1899 355 1946 hut'
366 1895 465 1963 Dryope
482 1897 587 1948 satorum
599 1900 692 1956 nescim
704 1895 803 1964 quoque

191 1973 318 2040 Indignere
332 1979 428 2041 tnagis,
444 1975 564 2042 Nymphis
581 1975 657 2026 latura
668 1991 777 2026 coronat.

191 2051 267 2117 lnque
282 2057 334 2102 sinu
346 2070 459 2118 puerum,
475 2057 516 2120 qui
527 2052 636 2104 nondum
649 2053 791 2120 impleverat
805 2069 922 2114 annum,

190 2129 271 2178 Dulce
285 2129 443 2182 serebatonua
454 2150 461 2191 3
474 2130 595 2202 tepidique
606 2150 652 2198 ope
668 2133 732 2182 lanis
746 2131 835 2182 alebat.

80 2264 82 2268 v
144 2203 264 2266 nimand
283 2207 393 2270 procula
408 2207 509 2272 stagno,
527 2209 614 2272 Tyrios
626 2212 721 2262 imitata
736 2209 846 2273 coloret,

190 2281 218 2333 ln
236 2283 301 2348 spem
312 2285 437 2334 baccarum
448 2283 549 2346 florebat
557 2291 665 2355 aquatica
676 2287 749 2337 lotos.

190 2361 317 2426 Carpserat
327 2365 383 2416 hinc
391 2363 489 2428 Dryope
499 2400 507 2424 ,
516 2381 576 2430 quos
586 2365 745 2420 oblesiamina
756 2381 819 2418 nato

189 2440 343 2505 Porrigeret,
365 2441 435 2491 flores
445 2461 451 2490 ι
460 2446 485 2491 &
500 2441 566 2493 idem
577 2442 664 2493 sasima
675 2443 793 2502 videbar,

190 2517 303 2585 Namque
313 2518 419 2574 aderam,
430 2519 487 2572 Vidi
497 2537 576 2586 guttas
589 2520 671 2572 e'flore
679 2536 789 2572 cruentas

142 2593 307 2649 iiiDeeidere
321 2600 363 2654 3&
377 2598 480 2650 tremulo
491 2615 570 2648 ramos
582 2601 679 2651 horrore
690 2603 792 2650 moveri.

190 2672 287 2726 Scilicet
297 2709 306 2734 ,
318 2688 344 2722 ut
355 2673 461 2724 referunt
472 2674 533 2726 tardi
545 2694 609 2730 nunc
619 2675 722 2743 denique
733 2678 834 2744 agrestes
844 2715 856 2738 ,

189 2750 258 2802 Lotis
272 2755 299 2800 iu
313 2754 375 2802 hauc
393 2752 527 2819 Nympho,
546 2754 638 2820 fugient
649 2757 752 2803 obscena
763 2755 866 2822 Priapi,

189 2828 334 2884 Contulerat
350 2833 446 2890 versos,
466 2834 558 2884 servato
574 2836 690 2892 nomine,
701 2832 793 2883 vultus.

189 2905 312 2958 Nescierat
329 2909 394 2956 soror
407 2910 453 2958 hoc
463 2926 473 2968 ·,
484 2925 537 2974 quae
556 2908 613 2958 crim
628 2911 751 2973 perterrita
760 2923 831 2960 'retro

143 2985 243 3046 arene,
258 2989 282 3036 δε
299 2983 403 3038 adoratis
418 2985 492 3040 vellet
503 2983 622 3040 discedere
630 2986 754 3056 Nymphis
761 3004 772 3056 j,
