2056 3706
27 289 31 296 Ι
114 209 544 295 Murrnorrnorrou
572 209 610 277 L.
636 211 705 278 III.
737 235 779 296 ῃ

62 329 98 381 Et
108 329 179 380 flenti
190 328 272 378 similis
283 364 291 389 ,
306 328 362 380 Non
373 313 424 379 batt
436 331 497 380 mihi
508 330 598 391 litora,
616 345 711 390 naute,

65 409 231 468 Promisistis‚
245 411 293 457 ait:
307 425 356 458 non
365 410 417 458 haec
429 411 491 457 mihi
502 423 565 458 terre
577 421 660 471 rogata
674 407 716 455 est.

70 488 131 548 Quo
142 489 217 536 merui
226 502 321 550 poenanr
331 487 395 536 fado
406 493 414 538 i
431 503 485 552 quae
496 486 575 552 gloria
584 485 659 534 vellra
668 485 717 542 est,

73 569 99 614 Si
111 581 207 629 puerum
217 568 329 628 juvenes,
346 567 365 613 si
377 563 451 612 multi
462 563 547 622 fallitis
558 570 652 615 unum?
794 575 838 626 655

73 640 218 692 iamdudum
228 641 315 691 flebam
327 659 333 689 e
346 642 467 704 lacrymae
479 657 564 692 manus
575 643 650 706 impia
659 641 749 690 nostrae

73 719 165 780 Ridet,
182 725 206 770 δι
218 720 322 784 impellit
331 721 516 784 properantibus
528 735 626 785 aequora
639 722 721 768 remis.

71 799 116 847 Per
128 799 171 846 ribi
180 815 243 850 nunc
253 800 331 862 ipsum
342 831 350 857 ,
365 813 411 846 nec
422 799 487 846 enirn
497 799 637 863 prasentior
646 797 692 846 illo

70 876 112 925 Est
125 876 190 925 Deus
200 875 322 942 ,·adJuro,
337 890 389 924 tam
402 892 441 924 me
455 877 499 924 tibi
515 892 571 924 vera
587 875 691 934 referre,

72 954 156 1014 Qudm
171 957 221 1003 veri
238 958 330 1019 majora
340 951 396 1002 fide.
410 955 481 1002 Stetit
493 970 588 1020 aquore
604 958 688 1019 puppis
801 970 848 1008 660

70 1029 148 1081 Haud
163 1031 253 1091 aliter,
270 1031 344 1096 quim
361 1035 381 1080 si
400 1034 490 1080 siccum
505 1033 589 1082 navale
606 1047 706 1082 tenerer.

72 1109 117 1158 llli
135 1109 281 1159 admirantes
297 1125 421 1158 remorum
435 1113 462 1158 in
474 1111 571 1158 verbere
587 1112 709 1174 periban13

76 1186 191 1251 Velaque
210 1186 351 1250 deducunt,
367 1186 512 1251 geminique
529 1201 575 1251 ope
592 1203 684 1253 currere
701 1199 801 1235 tentant.

80 1263 226 1328 Impediunt
238 1263 337 1313 Hedera
354 1279 450 1324 remos,
467 1279 576 1330 nexuque
587 1281 685 1316 recurro

81 1343 205 1405 serpunt,
223 1345 247 1390 δι
263 1339 365 1406 gravidis
382 1338 525 1406 distringunt
539 1341 738 1407 vela-corymbis.
804 1369 848 1422 ‘⁶5

79 1418 155 1483 lpse,
169 1418 313 1468 racemiferis
327 1418 432 1468 frontem
448 1419 609 1471 circumdatus
627 1426 693 1482 usis,

78 1497 216 1562 Pampineis
230 1501 304 1562 agitat
316 1497 419 1548 velatam
435 1497 560 1549 frondibus
577 1501 686 1560 hastam3

76 1577 160 1637 Quem
177 1579 240 1626 circa
257 1579 347 1641 tigres,
364 1576 538 1646 simulacraque
552 1581 634 1629 inania
647 1581 766 1643 lyncum,

74 1655 245 1720 Pidlarunrque
256 1657 337 1720 jacent
348 1654 397 1703 fera
410 1672 512 1720 corpora
522 1659 700 1722 pantherarum.

73 1731 202 1782 Exsiluere
216 1734 262 1782 viri
278 1751 284 1780 ι
302 1735 349 1782 sive
366 1734 413 1781 hoe
429 1735 520 1782 insania
537 1734 617 1795 fecit,
805 1761 853 1809 ⁶70

73 1813 132 1860 Sive
146 1813 224 1870 timor
236 1827 243 1856 r
256 1811 391 1874 primusque
406 1808 500 1858 Medon
511 1814 641 1876 nigrescere
658 1817 753 1878 pinnis,

74 1888 196 1954 Corpore
213 1885 340 1951 deprello.
357 1890 381 1934 bt
399 1887 471 1951 spina:
486 1893 624 1939 curvamina
640 1889 719 1945 lieni,

73 1968 178 2031 Incipit.
194 1965 259 2013 Huic
276 1965 384 2027 lycabas
393 1997 402 2024 ,
418 1964 447 2012 ln
464 1980 516 2028 qua
532 1965 665 2024 mintula,
680 1965 753 2024 dixit,
779 2004 785 2010 .

72 2046 207 2094 Verteris?
222 2047 247 2092 δι
266 2042 310 2094 lati
326 2043 417 2102 ricius,
436 2046 462 2091 be
479 2041 559 2108 panda
576 2043 703 2109 loquenti
722 2079 724 2086 -

73 2123 148 2174 Naris
162 2135 237 2182 erat,
253 2123 427 2187 squamamque
440 2124 502 2170 cutis
514 2119 598 2171 durata
609 2123 724 2176 trahebar.
806 2139 849 2192 ‘75

74 2205 108 2252 At
126 2203 223 2264 Libys,
240 2200 361 2250 obstantes
379 2197 437 2248 duur
454 2200 508 2250 vult
524 2202 648 2252 obvertere
662 2221 758 2270 remos,

73 2281 103 2330 ln
123 2281 235 2345 spatium
251 2276 342 2326 resilire
356 2293 439 2328 manus
454 2279 523 2330 breve
538 2279 618 2340 vidit;
635 2285 659 2332 &
676 2284 729 2335 illas

72 2361 131 2410 Jam
148 2374 204 2407 non
222 2353 270 2404 elle
285 2371 384 2414 manus,
399 2359 447 2420 jam
463 2359 546 2420 pinnae
562 2356 629 2422 poll'e
644 2368 733 2418 ,vocari

74 2439 148 2488 Alter
167 2434 200 2486 ad
216 2438 321 2484 intortos
338 2437 433 2498 cupiens
450 2434 506 2484 dare
520 2436 616 2486 brachia
633 2437 717 2502 funes,

74 2517 181 2568 Brachia
194 2530 248 2564 non
263 2512 348 2562 habuit
360 2529 368 2570 3
380 2527 511 2577 truncoque
525 2512 642 2578 repandus
656 2519 680 2566 in
698 2519 773 2570 undas
809 2517 857 2564 ⁶80

76 2596 195 2662 Corpore
213 2591 313 2642 desiluit
329 2609 335 2638 r
355 2588 441 2638 falcata
455 2594 585 2641 novissima
600 2591 678 2642 cauda
695 2596 744 2655 est3

76 2673 169 2734 Qualia
184 2667 294 2721 dividua
311 2670 432 2718 sinuantur
449 2685 538 2720 cornua
553 2671 647 2720 Lunaeu

77 2751 199 2817 Undique
218 2747 279 2798 dant
296 2746 384 2800 saltus,
396 2745 520 2812 multique
535 2749 659 2811 aspergine
671 2747 772 2810 rorant't

77 2831 268 2892 Enrcrgunrque
277 2827 379 2878 iterum,
388 2822 533 2889 redeuntque
544 2827 586 2872 sub
595 2840 692 2889 aequora
699 2832 777 2878 rutilis
787 2846 795 2884 3

78 2908 160 2972 lnquc
181 2906 253 2952 chori
267 2899 356 2954 ludunt
370 2902 492 2966 speciem,
507 2901 643 2968 lascivaque
659 2906 749 2968 pariant
817 2917 860 2966 53<

112 2988 187 3036 Tom.
210 2984 260 3032 II.
601 2981 604 2988 '
692 2981 715 3030 D
