2078 3708
193 247 234 312 88
344 241 388 312 P.
418 245 574 312 Orrnrr
603 246 801 314 Nasonis

151 419 157 440 ·.
188 364 328 426 Emitmu
343 381 505 434 peraguntque
514 366 579 416 leves
588 365 687 418 stridore
695 367 814 432 querelas.

189 443 327 510 rectaque,
338 461 389 494 non
398 443 487 502 silvas,
498 445 636 494 celebranti
648 445 774 511 lucemque
785 443 898 508 perosa

141 533 170 579 4¹
177 521 267 581 §Nolle
276 523 360 574 rolant
371 541 378 572 ε
388 524 488 589 seroque
497 525 618 574 trabunta
629 525 723 589 vespere
733 536 833 572 nomen.

222 669 288 718 Tum
298 668 356 720 verb
366 673 423 719 totis
433 669 520 719 Bacchi
532 665 688 718 memorabile
700 667 790 716 Thebis

190 745 288 796 Numen
299 762 349 798 erat
361 765 369 806 ς
385 763 529 812 magnasque
540 750 598 796 novi
611 762 737 796 matertera
747 749 809 796 vires

190 822 278 874 Narrat
288 827 376 890 ubique
386 824 433 874 Dei
445 845 451 872 :
463 823 493 874 de
504 841 588 890 totque
598 826 717 876 sororibus
728 841 809 890 expers

190 903 247 952 Una
257 901 348 952 doloris
358 918 408 952 erat
417 937 426 963 ,
436 905 482 951 nisi
492 919 565 968 quem
576 903 653 952 fecere
663 905 762 951 sorores.

142 982 280 1046 4²0Aspicit
288 983 367 1042 hanc,
382 984 444 1030 natis
455 981 609 1047 thalamoque
619 981 768 1031 Athamantis
777 981 920 1032 habentem

191 1060 308 1109 Sublimes
318 1063 411 1109 animos
422 1096 430 1120 ‚
448 1063 473 1109 δι
483 1059 583 1108 alumno
593 1063 710 1120 numine,
725 1059 788 1108 luno
798 1076 806 1118 ς

190 1137 242 1187 Nec
253 1138 326 1188 tulit:
340 1142 365 1188 bc
377 1141 473 1198 secum,
484 1139 568 1188 Potuit
577 1136 608 1188 de
618 1137 704 1203 pellice
713 1153 783 1190 natus

139 1264 143 1270 ,
189 1216 288 1266 Vertere
298 1218 435 1278 Manios,
448 1217 581 1284 pelagoque
590 1220 748 1282 immergere.
763 1230 870 1278 nautas,

190 1293 222 1344 Et
232 1293 356 1344 laceranda
367 1298 413 1344 suae
421 1299 474 1346 nati
483 1291 538 1344 dare
548 1295 638 1346 viscera
647 1299 736 1357 matti,

140 1373 222 1426 4²5Et
230 1374 335 1438 triplices
343 1377 436 1438 operire
446 1376 515 1422 novis
525 1371 662 1436 Minyeidas
677 1373 719 1424 alis
728 1389 737 1431 3

190 1452 233 1500 Nil
244 1455 333 1518 poterit
341 1451 421 1510 luno,
437 1453 482 1500 nisi
493 1451 582 1500 inultos
593 1449 648 1500 flere
660 1449 771 1503 dolores!

190 1527 265 1596 idque
277 1531 336 1578 mibi
347 1531 401 1578 satis
412 1530 461 1582 eli?
474 1532 524 1580 baec
535 1547 582 1580 una
592 1534 701 1596 porentia
710 1529 789 1582 nostra
799 1531 850 1580 esti

189 1607 240 1671 lpse
250 1607 322 1658 docet
333 1605 392 1674 quid
403 1625 481 1672 agam.
494 1609 537 1656 Fas
548 1609 580 1658 est
591 1614 615 1658 δι
626 1611 655 1658 ab
667 1609 732 1658 hoste
743 1607 826 1658 doceri
837 1627 847 1668 3

190 1683 302 1751 Quidque
313 1685 379 1734 furor
389 1686 483 1754 valeat,
499 1685 602 1736 Penthea
613 1685 678 1736 cade
688 1689 791 1752 satisque

141 1764 224 1828 430hc
234 1765 302 1828 supet
312 1761 423 1814 ostendit.
434 1763 486 1815 Cur
495 1784 546 1816 non
556 1765 705 1826 stimuletur,
717 1781 802 1832 eatque

189 1843 233 1890 Per
244 1859 345 1906 cognata
356 1845 402 1890 suis
413 1844 522 1909 exempla
532 1844 651 1894 furoribus
661 1843 722 1896 Ino?

187 1919 228 1970 Est
236 1922 276 1970 via
284 1918 399 1980 declivis,
414 1921 504 1972 funesta
514 1921 597 1974 nubila
606 1938 661 1972 taxo
673 1940 681 1980 ς

186 1997 263 2048 Ducit
277 1997 308 2048 ad
318 2000 474 2066 infernasper
486 2017 552 2050 muta
561 2001 655 2049 silentia
666 1995 740 2049 sedes.

189 2079 247 2140 Styx
256 2078 354 2125 nebulas
366 2077 459 2126 exhalat
470 2081 546 2126 iners:
560 2080 695 2144 umbraque
707 2093 812 2128 recentes

139 2154 343 2212 435Descendunt
353 2153 408 2202 illac
418 2189 427 2216 ‚
444 2148 615 2222 simulacraque
626 2155 705 2216 funlla
717 2157 838 2222 sepulcris.

188 2233 269 2282 Pallor
280 2233 409 2298 Hiemsque
420 2248 502 2282 tenent
512 2233 558 2282 late
569 2233 622 2284 loca
635 2227 701 2284 lenta
711 2255 717 2284 r
729 2239 833 2299 novique
844 2269 852 2293 ‚

188 2309 243 2370 Qui
255 2313 285 2359 sir
294 2314 356 2371 iter,
368 2311 468 2370 Manes,
485 2313 591 2376 Stygiam
603 2311 669 2379 quod
679 2307 746 2362 ducit
757 2311 788 2364 ad
800 2313 902 2374 urbem,

187 2388 317 2452 Ignorant:
331 2389 371 2438 ubi
381 2393 412 2438 sit
421 2393 482 2454 nigri
493 2389 542 2439 fera
552 2393 615 2455 regia
627 2391 699 2440 Ditis.

187 2465 258 2514 Mille
269 2484 340 2532 capax
351 2466 443 2528 aditus,
457 2471 481 2516 δι
492 2484 582 2534 apertas
593 2467 697 2536 undique
708 2485 788 2535 portas

138 2543 250 2609 440Urbs
260 2545 331 2593 habet
344 2564 349 2592 :
362 2560 434 2610 utque
446 2545 533 2594 fretum
545 2545 574 2596 de
584 2563 635 2596 tora
646 2545 745 2598 flumina
756 2549 837 2610 terrai,

187 2624 225 2671 Sic
235 2640 317 2672 omnes
329 2625 418 2672 animas
429 2623 496 2672 locus
507 2627 593 2690 accipit
604 2625 646 2674 ille
657 2643 665 2684 3
676 2644 719 2676 nec
730 2627 774 2676 ulli
850 2665 855 2674 .

186 2700 290 2764 Exiguus
300 2701 394 2767 populo,
402 2701 451 2760 est,
463 2703 586 2751 turbamve
597 2701 707 2752 accedere
718 2706 798 2754 sentit·

186 2777 272 2827 Errant
282 2781 407 2845 exsangues
418 2783 467 2828 sine
477 2797 577 2844 corpore
588 2785 611 2830 δι
623 2783 714 2844 ossibus
726 2783 824 2832 Umbrae
835 2803 844 2844 ;

156 2851 159 2860 ’
185 2854 288 2925 Parsque
300 2859 380 2908 forum
391 2859 527 2918 celebrant,
540 2877 592 2924 pars
603 2861 646 2908 imi
657 2865 718 2910 teria
726 2865 819 2926 tyranni
832 2880 842 2922 3

137 2935 241 2992 445Parr
252 2937 308 2986 alias
320 2953 379 2986 artes
390 2973 398 2998 ‚
415 2941 517 3004 antiqua
528 2941 663 2988 imitamina
672 2943 736 2990 vita.
