2056 3706
163 245 593 322 thmmostou
616 243 653 316 L.
677 249 707 316 Ι.
757 271 798 336 25

82 368 139 428 Qui
154 368 223 418 coilo
234 367 328 418 confine
342 384 414 434 caput
425 387 431 417 ι
444 370 548 434 saxoque
560 381 685 418 cruentum

81 447 195 513 DeJicitt
209 452 233 500 δι
243 447 347 498 maculat
358 461 504 513 praeruptam
519 449 633 511 sanguine
644 461 747 496 cautem.

117 607 192 673 Arge,
201 611 263 675 jaces
274 628 281 659 r
292 607 407 676 quodque
420 612 446 658 in
458 619 496 658 tot
504 606 597 658 lumina
605 602 856 668 lumenhabebas,7to

84 685 220 735 Extintium
238 687 272 736 est
284 705 289 734 :
303 703 447 752 centumque
463 687 548 736 oculos
562 701 611 735 nox
628 702 730 750 occupat
744 703 797 738 una.

82 765 178 829 Excipit
193 767 254 824 hos,
274 765 428 829 volucrisque
439 767 486 813 suae
497 767 607 814 Saturnia
618 765 704 828 pennis

28 853 31 860 “
82 841 218 900 Collocatt
236 847 262 892 δι
276 846 378 908 gemmis
390 840 493 892 caudam
504 842 651 892 stellantibus
665 842 760 908 implet.

113 1003 228 1052 Protinus
245 1005 350 1063 claruit,
367 1019 411 1054 nec
430 1016 539 1068 tempora
550 1000 642 1054 distulit
653 1007 710 1064 irae,

82 1081 283 1146 Hortiferamque
295 1081 371 1130 oculis
387 1085 516 1147 animoque
530 1083 621 1146 obiecit
631 1083 740 1143 Erinnyn
813 1092 858 1135 725

83 1157 182 1206 Pellicu
196 1158 334 1220 Argolica,
353 1158 509 1222 stimulosque
525 1161 552 1205 in
563 1162 657 1222 pectora
667 1175 742 1207 caetos

85 1231 214 1284 Condidit
228 1264 237 1292 ,
252 1237 277 1281 δι
295 1233 424 1297 profugam
434 1248 475 1297 ptr
493 1249 573 1283 totum
585 1239 668 1286 terruit
679 1237 771 1286 orbem.

87 1311 199 1360 Ultimus
215 1312 333 1359 immenso
344 1311 460 1370 restabat,
478 1312 534 1361 Nile
542 1347 551 1372 ,
568 1312 662 1362 labori:

87 1388 169 1448 Quem
187 1388 258 1438 simui
268 1405 296 1438 ac
313 1391 410 1453 tetigit,
423 1393 552 1456 positisque
562 1394 588 1440 in
601 1396 707 1458 margine
719 1398 775 1459 ripe

82 1467 217 1516 Procubuit
229 1469 329 1532 genibus
342 1501 350 1525 ,
363 1468 520 1533 resupinoque
531 1468 604 1520 ardua
615 1471 701 1532 collo,
809 1481 858 1524 730

81 1545 152 1605 Quos
169 1549 266 1611 potuit,
286 1545 351 1594 solor
363 1545 451 1594 tollens
469 1545 499 1595 ad
514 1545 591 1598 sidera
609 1549 708 1605 vuitus.

81 1625 114 1674 Et
136 1627 244 1690 gemitu,
264 1627 289 1673 δι
307 1623 433 1684 lacrymis,
449 1627 474 1672 δι
489 1624 606 1676 luctisono
615 1631 710 1693 mugitu

80 1703 151 1754 Cum
165 1703 223 1753 Jove
239 1704 290 1753 visa
300 1705 368 1767 queri
377 1701 410 1750 est
422 1735 430 1758 ‚
443 1701 563 1768 finemque
575 1721 642 1753 orare
659 1706 790 1755 malorum.

79 1782 207 1847 Conjugis
222 1780 264 1828 iiie
281 1782 326 1828 suae
338 1778 477 1842 complexus
488 1780 553 1829 colla
564 1781 656 1830 lacertis
669 1817 676 1842 ,

79 1861 165 1910 Finiat
183 1873 211 1907 ut
226 1871 309 1922 poenas
323 1855 420 1904 tandem
433 1891 441 1914 ,
454 1873 522 1920 rogat
534 1876 540 1905 τ
553 1861 625 1923 inque
636 1859 744 1910 fututum
811 1886 854 1932 735

78 1941 151 1988 Pone
168 1951 265 1993 metus,
283 1936 383 2000 inquit,
399 1949 532 1996 numquam
544 1936 589 1981 tibi
599 1937 667 1982 causa
676 1935 766 1987 doiotis

76 2018 141 2067 Haec
157 2017 203 2063 erit
215 2031 221 2061 t
236 2016 261 2062 δι
272 2013 366 2076 Stygias
382 2011 451 2076 jubet
460 2011 508 2058 hoc
520 2007 602 2059 audire
612 2010 719 2075 paludes.

77 2095 118 2143 Ut
134 2094 210 2142 lenita
223 2091 276 2140 Dea
293 2090 340 2148 est,
358 2090 440 2140 vuitus
457 2091 522 2152 capit
533 2088 577 2137 illa
588 2093 698 2154 priores:

76 2175 170 2238 Fitque
180 2168 249 2236 quod
260 2183 314 2218 ante
327 2167 382 2215 fuit.
403 2167 509 2229 Fugiunt
524 2183 537 2214 e
551 2183 650 2232 torpore
663 2171 734 2232 sctae3

76 2251 186 2302 Cornua
200 2246 341 2296 decrescunt
352 2262 358 2291 t
370 2241 399 2292 fit
409 2241 504 2292 luminis
516 2246 602 2294 ariiior
618 2248 691 2298 orbis.
808 2269 856 2315 740

76 2328 248 2381 Contrahitut
268 2323 354 2371 riiiust
367 2319 465 2370 redeunt
482 2324 624 2387 humerique
641 2341 788 2393 manuuqutj

76 2395 235 2470 Ungulaque
251 2404 279 2450 in
291 2403 376 2466 quinos
390 2398 479 2462 dilapsa
494 2400 626 2448 absumitur
644 2418 740 2468 ungues.

74 2485 120 2534 De
141 2483 204 2531 bove
221 2478 255 2528 nii
270 2477 386 2544 superest,
399 2475 483 2525 fotmae
506 2479 552 2526 uisi
563 2476 671 2541 candor,
687 2485 712 2549 iu
722 2484 781 2534 iilat

76 2560 225 2625 Officioque
244 2553 333 2620 pedum
344 2555 457 2618 Nympho
468 2569 581 2606 contenta
591 2554 694 2608 duorum

74 2642 193 2704 Erigitur
206 2654 212 2685 t
225 2636 359 2698 metuitque
370 2631 450 2697 loqui,
464 2647 572 2682 nemore
587 2639 692 2698 juvencae
810 2667 853 2710 ,⁷45

75 2720 194 2782 Mugiatt
206 2717 233 2762 ὃς
248 2709 333 2760 timidi
342 2711 412 2759 verba
424 2707 556 2758 intermiffa
564 2726 675 2762 retentat.

74 2798 157 2849 Nunc
168 2794 222 2842 Dea
236 2788 338 2854 linigera
351 2787 438 2838 colitur
451 2787 606 2836 celeberrima
621 2789 698 2839 rutbi.

115 2940 184 2992 Huic
202 2937 313 3002 Epaphus
327 2937 409 3001 magui
425 2935 517 3000 genitus
534 2931 564 2982 dt
576 2933 664 2983 semiue
676 2933 775 2984 taudem

118 3021 190 3070 Tum.
211 3017 253 3064 Il.
661 3012 680 3059 B
774 3016 782 3022 '
