1980 3714
13 2943 16 3026 l

222 245 293 333 ²⁸4
365 241 409 313 Ρ.
429 242 585 312 Orrnrr
598 235 802 313 Nasonis

221 369 346 433 Sisyphio,
358 366 513 432 furtisque&
530 364 615 420 fraude
631 365 775 416 simillimus
787 364 839 425 illi,

220 444 305 494 Inserit
316 442 421 494 AEacidin'
432 444 515 492 aliena
524 447 623 492 uomina
633 447 710 508 gentis
722 447 734 492 ἒ

220 522 258 570 An
274 519 344 587 quocl
359 523 384 570 iu
397 537 461 569 arma
472 523 551 586 prior,
560 519 676 586 nulloque
688 522 731 570 sub
746 517 830 568 indice
839 515 905 580 teni,

175 597 202 644 'al
221 601 295 650 Arma
308 597 417 664 neganda
426 599 507 648 mihi?
520 599 649 664 potiorque
663 595 791 650 videbitur
806 596 869 658 ille,

221 675 315 726 Ultima
326 679 455 742 quicepit?
466 673 652 740 detreeiarirque
662 675 744 724 furore

221 755 338 805 Militiam
350 753 405 803 ficto
416 773 422 802 :
436 752 512 802 donec
522 753 642 802 sollertior
651 753 709 808 illo,

222 831 269 882 Sed
276 833 321 882 sibi
331 831 457 890 inutilior,
470 828 552 880 timidi
566 843 705 880 commenta
714 831 806 880 ret‘exit

222 905 370 975 Naupliades
378 912 451 958 animi
462 944 469 968 ‚
483 911 607 974 vitataque
616 911 686 984 traxit
696 911 721 957 in
733 925 815 957 arma.

173 985 206 1029 4⁰
223 989 322 1054 Optima
337 1003 401 1037 nunc
415 990 510 1046 sumat,
521 990 565 1056 qui
574 987 665 1034 firrrrere
677 985 761 1035 noluit
772 986 844 1034 ulla!
893 980 901 996 ⁴

216 1066 274 1118 'Nos
290 1068 443 1121 inhonorati,
465 1069 490 1114 δι
506 1063 576 1114 donis
592 1065 737 1134 patruelibus
753 1065 830 1118 orbi,

222 1143 361 1194 Obtulimut
372 1145 414 1210 qui
423 1158 467 1194 nos
478 1141 511 1191 ad
523 1145 602 1208 prima
611 1140 729 1207 pericula,
746 1141 841 1189 simut!

254 1223 333 1288 Atque
338 1225 430 1272 urinam
434 1257 442 1284 ‚
450 1236 490 1271 aut
497 1236 568 1271 verus
575 1220 642 1269 furor
648 1219 749 1280 ille,aut
760 1215 931 1268 creditutelletl

222 1297 275 1349 Nec
286 1315 366 1349 comes
375 1302 414 1349 hic
421 1301 534 1365 Phrygias
543 1315 659 1364 umquam
666 1291 770 1347 venisset
781 1296 813 1346 ad
824 1310 888 1347 arcte

172 1372 202 1420 ⁴5
222 1376 341 1427 Hortatur
351 1378 483 1427 scelerum!
498 1394 548 1426 non
560 1391 600 1436 te,
617 1377 725 1425 Potentia
736 1375 837 1440 proles,

221 1455 364 1522 Expositum
382 1457 486 1505 Lemnos
497 1456 577 1504 nostro
590 1471 646 1503 cunt
657 1457 759 1502 crimine
771 1456 879 1502 haberet.

222 1533 271 1594 Qui
281 1547 361 1593 nunc,
374 1547 402 1582 ut
412 1549 564 1593 memorant,
575 1532 718 1582 silvestribus
729 1530 830 1580 abditus
841 1533 911 1580 nutrit

190 1599 200 1612 '⁵
223 1612 281 1660 Saxa
291 1627 373 1660 moues
382 1615 472 1676 gemitu
482 1646 490 1671 ‚
503 1607 678 1676 Laertiadaeque
691 1612 795 1674 precaris
804 1644 814 1664 ,

223 1687 282 1748 Qua
292 1692 380 1737 meruit
391 1708 396 1736 :
406 1705 460 1754 quae
469 1724 478 1750 ,
491 1693 511 1738 si
521 1687 556 1738 Di
567 1691 638 1747 surrr,
648 1705 698 1737 non
708 1704 772 1737 vana
782 1690 894 1752 preteriti

177 1768 206 1814 50
222 1765 253 1816 Et
263 1782 326 1816 nunt
335 1766 377 1815 ille
386 1763 468 1816 eadem
480 1769 549 1816 nobis
558 1771 648 1833 juratus
659 1769 685 1816 in
695 1779 780 1826 arma,

223 1843 290 1898 Heul
308 1859 361 1909 part
373 1857 420 1894 una
431 1841 519 1894 ducum
529 1880 538 1906 ,
550 1861 599 1910 quo
611 1840 741 1894 succeffore
753 1845 850 1910 sagitta

223 1920 332 1970 Herculis
342 1935 456 1982 utuntur,
468 1922 553 1971 fractus
564 1923 698 1989 morboque
709 1922 824 1988 fameque
837 1958 846 1983 ,

222 1998 372 2067 velaturque
382 2000 500 2066 aliturque
510 2003 605 2056 avibus,
620 2000 780 2068 volucresque
788 2000 896 2067 petendo

223 2075 313 2128 Debita
324 2079 435 2144 Troianis
447 2093 538 2128 exercet
547 2078 637 2144 spicula
649 2077 713 2128 fatie.

177 2147 205 2194 55
224 2153 269 2202 llle
283 2169 363 2204 tamen
374 2159 453 2214 vivit,
469 2159 524 2222 quia
534 2173 584 2204 non
594 2160 721 2207 comitavit
731 2155 847 2222 Ulyllerrr

223 2231 311 2280 Mallet
325 2234 350 2280 ut
359 2231 443 2280 infelix
455 2231 646 2283 Palamedeselle
658 2235 755 2284 reliliut
762 2253 771 2295 3

223 2309 322 2365 Viveret
334 2327 341 2368 3
354 2325 394 2359 aut
402 2311 465 2360 certe'
475 2311 550 2361 letum
561 2313 611 2361 sine
621 2315 721 2360 erimine
735 2315 844 2363 haberer.

224 2386 304 2446 Quem
315 2387 377 2436 male
391 2389 492 2439 convitii
503 2387 611 2437 nimium
617 2407 711 2438 mernor
721 2385 762 2438 iste
778 2390 868 2440 furoris

224 2463 327 2514 Prodere
335 2481 386 2514 reni
397 2466 507 2517 Danaam
518 2465 587 2516 finxit
599 2501 607 2526 ,
620 2465 749 2532 filiumque
765 2473 878 2532 probavit

148 2560 150 2566 ·
177 2530 208 2568 ‘⁰
224 2542 341 2593 Crimen:
355 2547 379 2592 &
392 2543 508 2605 ostendit,
522 2543 589 2610 quod
598 2549 647 2611 jam
657 2543 818 2610 pertinuerat,
835 2563 927 2596 aurum.

223 2620 288 2684 Ergo
298 2633 339 2671 aut
350 2621 433 2670 exsilio
443 2625 504 2673 vitea
516 2621 627 2674 subduxit
637 2625 733 2674 Achivis
743 2657 752 2682 ,

148 2747 157 2755 ,
224 2699 273 2748 Aut
290 2715 364 2747 nece:
373 2703 406 2749 sic
420 2716 526 2765 pugnat,
538 2704 571 2750 sic
583 2699 780 2761 estmemendut,
794 2697 898 2762 ulysses.

224 2774 287 2834 Qui,
305 2773 361 2824 licet
376 2775 473 2840 eloquio
483 2775 560 2826 fidum
570 2793 667 2844 quoque
678 2777 779 2826 Nestora
785 2782 890 2838 uincet,

224 2851 296 2901 Haud
305 2867 383 2902 tamen
394 2853 480 2903 efficiet
491 2890 499 2914 ,
517 2853 636 2908 desertum
648 2871 676 2904 ur
686 2855 785 2906 Nestora
800 2860 893 2908 crimen

177 2933 192 2974 ε
196 2940 205 2985 5
225 2926 277 2981 Ello
289 2941 340 2980 rear
352 2931 447 2984 nullum
458 2949 465 2982 ε
477 2935 535 3000 qui,
556 2935 612 2984 curn
623 2933 764 3002 imploraret
775 2933 877 3000 Ulyffcu
