1980 3714
143 117 153 144 N

87 247 515 320 MerAnonrnosnon
530 251 566 320 L.
582 238 683 318 rnr.
702 255 769 338 289'

45 365 82 418 Et
92 385 184 419 moveo
196 370 331 426 Priamum,
346 372 489 438 Priamoque
505 375 626 422 Antenora
637 375 754 438 juellum.
816 371 821 380 '

42 446 82 494 At
96 445 180 507 Paris,
196 447 330 508 seirenes,
342 451 422 514 &qui
432 465 528 515 rapuere
538 449 580 498 sub
592 449 636 498 illo
648 484 656 509 ,

42 517 100 570 Vix
111 538 209 573 tenuere
224 541 322 586 manus,
339 527 382 574 scis
394 529 458 586 hoc,
473 526 600 586 Menelai,
618 525 753 585 nefandtst

43 599 182 667 Primaque
196 601 235 650 lux
250 603 323 652 nostri
333 619 412 652 tecum
424 603 470 652 fnit
481 604 523 652 illa
534 604 626 669 pericli.

81 678 171 744 Longa
181 679 266 730 referre
276 697 344 730 mora
361 681 407 739 est,
423 698 475 746 quae
486 681 635 747 consilioque
650 697 769 748 manuque
774 710 817 757 205

43 755 154 804 Utiliter
165 756 211 805 feci
225 759 322 822 spatiosi
333 773 440 822 tempore
458 759 524 806 belli.
808 775 810 780 ·

42 834 106 882 Post
117 838 180 884 acies
192 839 295 900 primas,
310 838 373 885 umis
386 838 408 884 se
419 839 538 885 moenibus
548 836 625 888 hostes

42 911 202 961 Continuere
214 911 272 972 diu3
284 929 327 963 nec
338 917 412 980 aperti
423 917 492 980 copia
503 915 588 964 Martis

41 987 110 1037 Ulla
121 988 169 1038 fuit
181 1008 187 1038 t
201 988 295 1040 decimo
311 990 408 1042 demum
420 995 577 1058 pugnavimus
588 1009 661 1044 anno·

41 1065 119 1126 Quid
131 1066 188 1116 facis
199 1071 288 1118 interea
299 1103 306 1128 ‚
319 1073 360 1136 qui
371 1069 405 1119 nil
416 1073 461 1118 nisi
471 1071 557 1136 prcelia
567 1072 642 1121 nosti?
774 1097 820 1134 ῃ,

41 1143 112 1203 Quis
123 1159 176 1192 tuus
188 1147 240 1194 usus
252 1149 318 1195 erat?
330 1163 386 1196 nam
397 1150 416 1196 si
427 1163 481 1197 mea
490 1148 551 1198 fasla
564 1151 678 1215 requiris,

41 1221 166 1271 Hostibus
179 1221 291 1272 insidior:
303 1222 374 1272 iollas
388 1227 521 1272 munimine
535 1228 622 1292 cing03

40 1298 175 1352 consolor
189 1303 285 1362 socios,
305 1318 331 1352 ut
348 1304 415 1369 longi
432 1303 502 1355 taedia
512 1306 570 1354 belli

40 1377 135 1429 Mente
153 1377 230 1428 ¹serent
243 1377 353 1444 placidi:
363 1377 439 1429 doceo
453 1397 502 1446 quo
513 1383 586 1430 simus
596 1379 676 1431 alendi
741 1445 745 1456 ,

38 1457 214 1524 Armandique
225 1458 410 1510 modotmittor
425 1459 474 1528 qud
492 1461 596 1526 postulat
606 1463 669 1510 usus.
687 1493 689 1498 -
770 1497 814 1546 215
833 1463 836 1470 “

78 1535 145 1584 Ecce
155 1536 218 1585 lovis
227 1542 337 1597 monitu,
353 1535 466 1604 deceptus
479 1541 583 1604 imagine
594 1539 672 1588 somni
681 1572 692 1602 ,
818 1531 822 1537 ⁵

39 1614 100 1666 Rex
109 1615 178 1680 jubet
187 1617 276 1681 incepti
287 1633 367 1665 euram
376 1615 497 1666 dimittere
508 1617 585 1677 belli,

38 1691 91 1742 lile
102 1694 181 1759 potest
195 1697 288 1744 auclore
301 1696 366 1744 suam
377 1693 504 1744 defendere
513 1697 617 1745 causam.

38 1771 107 1823 Non
117 1773 180 1820 sinet
195 1773 241 1820 hoc
256 1772 331 1838 Ajax,
344 1769 491 1837 delendaque
502 1772 616 1836 Pergama
630 1773 731 1836 poscttt

39 1847 169 1914 Quodque
181 1850 273 1914 potest,
291 1864 389 1915 pugnet.
400 1847 453 1899 Cur
464 1865 514 1898 non
529 1864 661 1898 remoratur
671 1853 746 1899 ituros
755 1857 822 1924 ³220,

37 1928 100 1980 Cur
109 1943 161 1976 non
172 1944 236 1976 arma
247 1931 325 1992 capiti
340 1925 399 1986 dat,
415 1924 482 1992 quod
492 1941 551 1990 vaga
560 1927 629 1974 turba
637 1928 764 1992 sequatur?

4 2023 7 2028 ·
37 2000 105 2052 Non
116 2013 167 2048 erat
177 2001 223 2048 hoc
230 2003 332 2048 nimium
342 2034 350 2058 ,
360 2014 491 2064 numquam
499 2001 544 2046 nisi
553 2013 638 2063 magna
645 1999 763 2064 loquenti.

37 2075 129 2140 Quid?
146 2077 213 2145 quod
228 2083 252 2128 &
268 2071 316 2144 ipse
332 2078 394 2144 sugis
407 2073 472 2127 :vidi
482 2112 490 2136 ,
502 2073 634 2142 puduitque
649 2075 747 2136 videre,

36 2157 112 2210 cnm
125 2171 151 2205 tu
163 2172 227 2223 terga
237 2155 320 2216 dares,
332 2153 560 2221 inhonestaquevela
571 2171 671 2219 pareres.

36 2238 97 2290 Nec
115 2253 203 2296 mora,
216 2235 282 2296 Quid
293 2236 387 2284 facitis?
400 2250 452 2299 que
462 2249 505 2282 vos
523 2230 660 2292 dementia,
672 2231 737 2288 dixi,
766 2259 809 2307 225

35 2315 176 2373 Concitet,
198 2311 231 2362 d!
244 2315 319 2372 socii,
339 2326 433 2377 captam
445 2308 564 2362 dimittere
576 2311 696 2375 Troiam?

34 2391 141 2456 Quidve
150 2391 250 2442 domum
261 2391 326 2440 fertis
337 2389 446 2452 decimo,
460 2393 504 2438 nisi
516 2387 633 2447 dedecus,
648 2391 725 2439 anno?

34 2473 145 2526 Talibus
157 2485 228 2535 atque
238 2469 288 2518 aliis
300 2503 308 2528 ,
320 2473 345 2518 in
357 2485 408 2534 φιτ
420 2467 491 2517 dolor
500 2467 548 2532 ipse
560 2466 676 2516 disertum

34 2551 162 2607 Fecerat3
182 2549 273 2596 aversos
284 2545 386 2611 profugi
397 2543 426 2594 de
440 2543 510 2595 classe
525 2543 617 2594 reduxi.

73 2626 208 2678 Convocat
220 2623 312 2674 Atrides
323 2626 398 2672 socios
410 2638 497 2673 terrore
508 2637 633 2689 paventes3
764 2641 811 2691 ²3⁰

33 2707 93 2759 Nec
105 2699 291 2753 Telamoniades
303 2705 374 2752 etiam
386 2717 448 2751 nunc
460 2704 546 2750 hiscere
558 2703 687 2765 quicquam

12 2817 16 2824 ·
32 2787 110 2837 Ausit
122 2801 128 2830 ε
141 2797 166 2830 at
176 2782 242 2829 ausus
255 2795 304 2829 eret
312 2797 375 2846 reges
387 2773 499 2838 incessere
508 2775 575 2826 diuis

31 2863 164 2914 Thersites
176 2893 184 2918 ‚
204 2861 276 2908 etiam
287 2875 327 2924 per
338 2873 376 2906 me
387 2853 451 2904 haud
461 2859 574 2918 impune,
588 2857 712 2918 protervis.

30 2941 126 3004 Erigor
139 2955 145 2985 ε
160 2940 184 2986 8(
197 2935 302 3002 trepidos
313 2937 376 2990 cives
387 2935 499 2984 exhortor
509 2935 534 2982 in
543 2931 652 2988 hostemt
687 2949 690 2958 ·

70 3018 145 3068 Tem.
165 3014 209 3064 II.
628 3009 653 3060 ii
