2036 3714
154 259 579 338 MtnAMonnnosnon
591 260 628 328 L.
648 261 751 330 VIII.
773 265 841 354 187

115 375 274 429 Consenuere
287 379 354 430 tasi:
363 395 575 446 paupertatemque
586 379 684 432 fatendo

115 455 227 507 Effecere
244 459 338 517 levem,
351 476 395 507 nec
405 458 488 518 iniqui
501 475 582 508 mente
598 458 729 510 ferendam.

113 533 171 584 Nec
189 537 276 596 refert,
292 535 404 586 dominos
419 537 471 585 illic
483 571 491 595 ‚
504 537 638 586 famulosne
650 541 768 604 requirnt3
838 549 883 599 ⁶³5

112 610 183 661 Tota
194 612 295 676 domus,
309 613 358 664 duo
369 617 439 664 sunt:
453 614 519 665 idem
530 630 660 682 patentque
671 617 809 684 jubentque.

113 689 184 755 figo
202 695 243 742 ubi
251 693 381 758 Caelicolae
398 710 483 758 parvos
501 696 599 760 tetigere
610 709 725 758 penates,

108 767 284 837 Submiffoque
297 772 401 820 humiles
415 775 533 822 intrarunt
545 776 632 822 vertice
643 773 740 837 postes3

109 845 228 898 Membra
238 851 307 898 senex
325 851 404 914 posito
415 852 483 914 jussit
493 849 596 898 relevare
609 848 677 900 sedili
687 868 695 898 t

109 921 170 984 Quo
182 927 252 990 super
266 929 349 992 injecit
360 941 451 976 textum
468 925 526 976 tude
542 927 623 978 sedula
633 929 726 984 Baucis,
838 939 884 989 640

108 999 172 1050 Inde
194 1003 251 1054 soco
270 1003 377 1068 tepidtun
393 1008 497 1054 cinerem
509 1005 613 1056 dimovit
624 1025 630 1054 t
643 1009 668 1054 bc
687 1009 753 1070 ignes

109 1081 218 1130 Suscitat
237 1084 356 1132 hesternos
369 1101 377 1142 3
395 1082 543 1149 foliisque&
555 1087 644 1134 cortice
656 1087 720 1134 sicco

106 1157 215 1218 Nutrit3
237 1163 261 1209 dt
278 1158 310 1211 ad
333 1159 442 1210 flammas
456 1162 536 1212 animi
551 1160 663 1228 producit
674 1162 752 1212 anili:

106 1236 294 1305 Multifidasque
314 1239 395 1296 faces,
412 1240 558 1306 ramaliaque
570 1239 636 1292 arida
647 1241 709 1290 teeio

104 1313 208 1366 Detulit
219 1351 228 1376 ,
243 1320 267 1366 bt
278 1320 369 1368 ntinuit
380 1352 388 1378 ,
402 1335 524 1384 parvoque
535 1315 645 1368 admovit
654 1322 726 1386 a'e'nog
830 1325 879 1377 '⁶⁴5

105 1392 233 1462 Quodque
250 1397 303 1448 suus
320 1399 408 1461 conjux
418 1400 486 1462 riguo
498 1396 628 1460 collegerat
638 1397 711 1446 horto
723 1428 731 1454 ,

104 1473 284 1534 Truncatolus
293 1473 367 1524 foliis.
385 1475 403 1522 F
405 1475 461 1524 urci
471 1475 534 1524 levat
544 1475 586 1522 ille
598 1475 692 1524 bicorni

104 1549 212 1602 Sordida
227 1566 295 1616 terga
311 1553 357 1600 suis
373 1554 443 1616 nigro
457 1551 585 1616 pendentia
603 1553 689 1614 tigno:

102 1628 252 1694 Servatoque
265 1627 306 1678 diu
318 1631 405 1680 resecat
416 1627 446 1680 de
457 1645 550 1694 tergore
560 1643 653 1694 partem

101 1703 245 1772 Exiguam
266 1708 398 1773 setiamque
416 1705 500 1758 donrat
520 1707 665 1769 ferventibus
683 1703 762 1756 undis.
793 1773 795 1779 ,

101 1783 199 1836 Interea
218 1783 309 1836 inedias
327 1783 415 1834 fallunt
430 1786 577 1834 sermonibus
594 1787 682 1836 boras:
792 1785 794 1791 '

101 1862 241 1928 sentirique
259 1877 354 1912 morans
375 1863 513 1944 prohibeqte
534 1863 590 1910 Erat
607 1862 686 1911 alveus
703 1860 754 1914 illic

100 1938 221 2003 fagineus
232 1973 246 1998 ,¹
258 1937 332 1990 curva
351 1937 421 1990 clavo
437 1939 560 2003 suspensus
578 1941 608 1986 ab
629 1938 703 1988 ansi:

99 2017 122 2068 ls
144 2015 234 2082 tepidis
249 2017 363 2082 impletur
374 2019 461 2082 aquis·,
477 2005 588 2082 artusqu'e
600 2013 717 2072 fovntdos

98 2097 207 2160 Accipit,
229 2095 259 2154 ln
273 2092 354 2146 medio
366 2095 472 2145 torusest
482 2092 512 2143 de
524 2093 639 2146 mollibus
652 2092 712 2142 ulvis
825 2109 868 2161 ⁶55

97 2173 231 2238 Impositos
247 2172 325 2231 letto,
346 2171 439 2237 sponda
454 2169 601 2237 pedibusque
618 2171 724 2236 salignis.

98 2251 211 2300 Vestibus
221 2253 286 2306 hunc
302 2251 402 2308 velant,
417 2266 474 2317 quas
490 2266 538 2298 non
554 2252 599 2300 nisi
611 2264 718 2314 ternpore
731 2248 789 2298 fello

99 2331 210 2380 Sternere
228 2331 370 2380 consuerant
382 2347 388 2376 ε
400 2325 440 2376 sed
452 2332 477 2380 δι
490 2330 539 2378 haec
566 2317 653 2392 llisque
663 2343 778 2396 vetusque

98 2408 176 2458 Vestis
193 2423 257 2462 erat,
273 2406 334 2458 lesto
344 2422 393 2458 nou
402 2343 661 2482 indignauclallaligno.

52 2519 68 2528 κ
98 2485 239 2535 Accubuere
257 2484 313 2535 Dei.
331 2484 441 2534 Mensam
453 2486 730 2548 succiniturremensque
821 2501 868 2541 eto

98 2563 172 2612 Ponit
184 2577 242 2614 auus
255 2579 262 2610 e
274 2563 359 2614 mensa
371 2559 411 2610 sed
422 2577 471 2612 erat
482 2577 522 2625 pes
532 2565 614 2614 tertius
624 2565 717 2630 imparj

99 2639 169 2690 Tella
186 2655 266 2703 patent
284 2637 351 2692 fecit.
364 2638 422 2700 Quae
435 2640 486 2704 post
498 2639 572 2709 quim
583 2639 678 2692 subdita
688 2641 779 2692 clivum

100 2718 216 2778 Sustulit,
234 2731 357 2784 aequatam¹
369 2733 454 2768 mente
467 2701 554 2770 tersere⁴
564 2721 675 2770 virentes.

99 2795 200 2848 Ponitur
218 2798 256 2846 hic
275 2794 368 2844 bicolor
379 2797 475 2846 sincerae
488 2797 560 2848 bacca
569 2796 703 2854 Minerva,

57 2921 59 2930 A
99 2871 254 2937 Conditaque
270 2873 295 2920 in
311 2871 402 2938 liquida
413 2890 485 2922 corna
499 2872 645 2922 autumnalia
657 2871 714 2932 faece
723 2907 734 2936 ,
816 2877 861 2929 665

99 2948 231 3023 lutubaqut
242 2981 252 3010 ‚
264 2951 289 3004 is
300 2947 366 3004 radit
377 2984 387 3010 ,
401 2951 426 3004 bt
437 2949 501 3006 lauis
511 2947 585 3008 naua
594 2953 691 3034 ‘suasus
705 3000 707 3004 .
