2056 3706
165 223 596 291 MsrAno'nunostoN
619 217 657 284 L.
669 215 744 284 W.
772 239 817 304 77

94 339 225 395 Extremus
236 346 294 398 albis
304 348 329 394 in
340 344 442 394 turribus
454 343 530 408 egerit
541 355 627 390 annos.

94 422 159 471 Na'is
171 441 200 472 an
211 439 237 473 ut
246 438 332 478 cantu,
344 425 496 488 nimiumque
511 419 651 486 potentibus
660 416 738 466 herbis
748 449 757 477 ,

96 499 202 550 Verteris
213 505 237 550 in
249 505 333 551 tacitos
345 500 460 566 juvenilia
470 515 572 564 totpota
584 499 658 562 pisces
668 512 677 554 ς
837 507 868 550 50

98 577 182 628 Donec
191 577 255 628 idem
266 577 332 645 passa
344 579 376 628 eli
387 565 395 626 Ξ
407 595 454 646 an,
468 593 521 644 quae
532 593 608 642 poma
618 574 673 624 alba
684 572 791 631 ferebat,

98 655 130 705 Ut
139 673 201 706 nune
212 659 280 722 nigra
292 657 354 706 ferat
365 658 477 706 contestu
488 657 608 719 sanguinis
619 653 698 702 arbor,

94 735 150 784 Hac
159 735 240 800 placet
251 755 258 784 ι
271 737 334 786 hauc
345 770 353 794 ,
366 736 483 800 quoniam
494 733 601 798 vulgaris
614 729 699 795 ¹fabula
708 747 758 781 non
770 731 817 786 eli.

90 812 187 870 Talibus
198 814 253 862 orsa
265 811 347 862 modis
360 847 368 872 ‚
387 811 444 863 lani
456 813 497 860 sua
509 809 551 861 fila
563 812 687 876 sequente.

119 969 236 1031 Pyramus
247 974 273 1019 δι
285 969 394 1024 Thisbe.
406 971 521 1035 juvenum
536 967 711 1034 pulcherrimus
724 967 800 1028 alter,
837 983 863 1028 55

87 1047 188 1107 Altera,
205 1065 267 1113 quas
282 1049 371 1096 Oriens
386 1048 487 1104 habuit,
500 1047 598 1112 praelata
612 1048 717 1113 puellis,

87 1124 225 1188 Contiguas
236 1140 337 1173 tenuere
353 1123 439 1173 domos
451 1122 611 1174 :ubidicitur
625 1124 702 1174 altam

90 1201 228 1250 Costilibus
242 1205 319 1250 mutis
334 1199 431 1250 tin‘xiffe
444 1203 580 1250 Semiramis
595 1203 688 1252 urbem.

90 1277 213 1328 Notitiam
227 1283 370 1346 primosque
384 1277 470 1344 gradus
484 1283 570 1330 uicinia
587 1281 655 1330 fetit.

92 1358 212 1423 Tempore
222 1362 300 1408 crevit
309 1373 378 1407 amor
389 1375 395 1405 t
410 1355 477 1407 tedae
488 1373 584 1424 quoque
599 1363 653 1424 jure
664 1356 766 1408 co'illeut
777 1377 785 1419 3
833 1373 864 1411 σο

87 1433 136 1484 Sed
148 1449 241 1484 uetuere
250 1451 350 1500 pattcsr
365 1433 434 1501 quod
448 1451 498 1484 non
513 1449 613 1500 potuere
626 1453 721 1493 vetate,

84 1512 121 1563 Ea
134 1529 203 1578 aquo
216 1517 292 1579 captis
305 1511 421 1562 ardebant
434 1515 554 1564 mentibus
565 1515 647 1565 ambo.

84 1591 202 1642 Conscius
213 1595 294 1642 amnis
305 1591 369 1640 abest
380 1611 386 1640 ι
399 1585 459 1641 nutu
473 1595 594 1658 signisque
605 1592 754 1659 loquuntut·,

83 1669 190 1737 Quisque
203 1673 280 1736 magis
291 1673 394 1736 tegitur,
409 1672 482 1720 tesius
492 1674 568 1736 magis
579 1671 661 1722 :estuat
671 1674 741 1736 iguis.

82 1746 160 1797 Filius
171 1763 224 1797 erat
235 1751 301 1796 tenui
312 1749 374 1798 rimi
385 1782 392 1806 ,
404 1765 478 1814 quam
489 1747 590 1800 duxerat
601 1750 680 1809 olim,
832 1756 847 1794 6
850 1763 860 1808 ς

82 1825 152 1877 Ctim
163 1825 234 1875 fieret
245 1829 321 1890 paries
332 1859 340 1884 ‚
357 1823 440 1874 domui
456 1830 593 1876 eommunis
607 1829 712 1892 utrique.

81 1901 112 1952 ld
123 1907 218 1954 vitium
227 1905 291 1954 nulli
303 1920 346 1968 per
356 1903 436 1952 secula
448 1902 521 1968 lunga
531 1919 642 1956 notatum
653 1939 661 1964 ,

81 1982 92 2048 (
104 1981 171 2044 Quid
182 1999 235 2032 non
248 1984 322 2031 sentit
332 1980 438 2049 amoti)
449 1983 524 2046 peimi
535 1981 637 2032 sensistis
648 1998 770 2045 amantes,

81 2061 112 2110 Et
122 2063 179 2110 voti
192 2059 282 2115 fecistis
293 2062 339 2110 iter
349 2077 356 2108 s
371 2073 477 2126 tuteque
486 2075 529 2125 pet
539 2059 601 2112 iilud

81 2141 210 2188 Murmure
224 2136 350 2188 blanditie
362 2141 466 2188 minimo
478 2142 576 2190 transite
587 2139 703 2194 solebant.
828 2147 859 2197 70

77 2219 143 2283 Saepe
155 2233 182 2267 ut
192 2216 351 2266 constiterant
361 2251 369 2275 ‚
380 2218 435 2266 hinc
447 2217 553 2276 Thisbe,
567 2218 681 2281 Pyramus
691 2220 761 2272 illiue
773 2239 781 2280 ;

76 2295 155 2362 lnque
165 2299 250 2345 vicem
262 2293 338 2343 fuerat
348 2309 452 2359 captatus
463 2296 583 2346 anhelitus
593 2300 641 2346 otis
651 2315 660 2356 3

77 2371 183 2430 invide,
198 2370 332 2430 dicebant,
349 2375 440 2438 paries.
456 2372 517 2438 quid
528 2375 664 2424 amantibus
679 2376 776 2428 oblias?

78 2452 207 2512 Quantum
219 2465 289 2505 erat,
303 2465 330 2500 ut
340 2453 425 2502 sineres
437 2467 480 2500 nos
491 2466 545 2501 toto
556 2469 657 2517 torpore
672 2458 740 2520 jungi
750 2459 758 2506 i

77 2533 128 2579 Aut
141 2532 189 2578 hoe
201 2531 221 2576 si
232 2530 352 2584 nimium,
365 2528 404 2578 vel
414 2527 446 2578 ad
455 2530 536 2580 ol'cula
546 2528 626 2582 danda
636 2536 745 2597 pateres!
824 2549 853 2592 ῖς

76 2608 128 2660 Nec
144 2609 228 2658 sumus
240 2609 329 2672 ingrati
340 2625 346 2656 t
358 2607 403 2661 tibi
413 2625 458 2661 nos
469 2607 554 2660 debete
565 2609 689 2665 fatemur,

76 2684 151 2745 Quod
163 2683 237 2734 datus
251 2685 284 2734 est
293 2686 371 2737 verbis
381 2685 413 2738 ad
424 2692 511 2742 amitas
522 2691 635 2740 transitus
647 2704 722 2740 autes.

76 2764 148 2812 Talia
158 2762 254 2814 diversi
265 2766 426 2831 nequicquam
440 2765 494 2816 sede
510 2767 607 2824 locuti,

77 2842 127 2889 Sub
142 2843 238 2888 nobem
253 2839 352 2896 dixere,
367 2842 445 2892 Vale:
460 2847 571 2909 partique
587 2841 673 2894 dedere

79 2918 173 2972 Oscula
185 2921 286 2985 quisque
297 2921 342 2968 sure
352 2953 360 2981 ,
372 2935 421 2972 nun
431 2923 595 2986 pervenientia
605 2936 698 2970 contra.
828 2927 858 2975 80

639 2997 663 3046 D
678 2999 703 3059 iij
