2078 3708
227 305 293 375 130
377 279 421 356 P.
443 283 812 354 OtrorrNArortrs

222 409 274 476 Ipse
285 407 372 460 ducem
384 407 499 460 dederat:
512 425 627 475 cumquo
638 407 698 458 dum
711 409 797 474 pascua
811 405 906 466 lustro,

176 490 283 547 325Etce
298 487 475 549 reresurrectio,
490 491 610 538 sacrorum
621 491 689 552 nigra
702 485 786 536 favilla't
798 519 806 544 ,

223 569 270 618 Ara
285 583 352 617 vetus
362 568 456 624 stabat,
473 568 581 616 tremulis
594 564 742 615 circumdata
757 566 849 614 cannis.

223 645 318 695 Restitit
329 662 336 702 3
351 649 376 696 bt
387 643 493 710 pavido,
506 645 593 695 Faveas
603 647 680 703 mihi,
693 659 816 692 murmure
827 640 890 691 dixit

223 723 279 772 Dux
290 739 355 772 meus
368 743 374 772 a
387 727 412 774 dt
423 723 495 772 simili
508 759 515 781 ‚
532 724 617 771 faveas
628 757 636 779 ,
649 738 694 785 ego
707 736 830 771 murmure
846 716 907 767 dixi«

223 801 367 861 Naiadum,
383 803 486 850 Pauoine
499 835 507 860 ,
525 801 587 850 foret
600 817 682 850 tamen
693 815 734 849 ata
748 801 884 863 rogabam,

178 879 374 946 rsolndtgenaene
385 879 447 937 θείς
462 881 518 928 crim
529 880 586 928 talia
597 876 703 928 reddidit
714 879 809 940 hospes.

224 958 282 1008 Non
292 961 353 1018 hac,
365 957 381 1007 ὂ
393 959 400 1007 1
417 961 525 1022 juvenis,
540 973 684 1006 montanum
696 959 822 1004 numenio
832 966 872 1002 ara
883 951 928 1002 est.

223 1035 269 1085 Illa
281 1038 346 1086 suam
359 1051 430 1086 vocat
442 1039 502 1085 hanc
514 1069 522 1094 ‚
538 1040 578 1084 cui
592 1035 717 1102 quondam
729 1038 793 1098 regia
804 1033 870 1082 iuno

224 1113 289 1162 Orbe
302 1113 426 1164 interdixit
437 1113 528 1180 :quim
544 1117 583 1162 vix
594 1117 694 1163 erratica
705 1113 780 1161 Drios

224 1191 342 1243 Orantem
357 1197 468 1258 accepit,
483 1209 535 1243 rum
551 1194 607 1241 crim
623 1193 683 1240 levis
694 1190 770 1239 insuia
784 1188 868 1238 nabat.

178 1271 276 1323 utilite
290 1308 297 1330 ‚
316 1276 456 1322 incumbens
467 1289 523 1321 cum
535 1269 637 1320 Palladis
650 1271 733 1318 arbore
747 1268 853 1332 palmae,

224 1347 309 1398 Edidit
319 1350 395 1400 inviti
408 1353 517 1414 geminos
530 1349 622 1398 Latona
635 1346 747 1398 obverti.

224 1425 288 1475 Hinc
299 1443 396 1492 quoque
407 1429 526 1476 Iunonem
538 1420 623 1491 fugisse
637 1440 750 1492 puerpera
762 1423 856 1478 fertur,

224 1501 300 1568 inque
312 1505 354 1554 suo
368 1501 469 1568 portass'e
484 1509 555 1563 sinu,
571 1503 620 1554 duo
631 1505 749 1560 numina,
766 1516 846 1550 natos.

225 1579 325 1647 Jamque
337 1581 529 1637 Chimaerifere,
545 1583 601 1633 citro
614 1583 654 1633 Sol
665 1585 742 1648 gravis
757 1595 836 1628 ureret
850 1593 924 1636 arva,

178 1660 321 1720 340Finibus
337 1664 363 1709 irr
378 1661 474 1723 Lyrbe,
491 1661 566 1728 longo
579 1663 629 1710 Dea
643 1657 701 1710 feisa
712 1660 812 1718 labore,

224 1734 422 1792 Sidereo.siccat'a
436 1741 502 1788 sitim
517 1739 617 1806 coilegit'
631 1727 748 1788 ab'restut

224 1813 352 1882 Uberaque
362 1817 484 1868 ebiberant
494 1816 557 1868 avidi
569 1818 682 1870 laetantia
696 1819 756 1866 nati.

224 1894 296 1944 Forte
310 1895 388 1945 lacum
402 1897 509 1946 melioris
522 1913 589 1964 aquae
599 1899 719 1963 prospexit
730 1900 755 1944 in
767 1896 823 1955 imit

224 1969 336 2023 Vallibus
350 1991 356 2022 r
372 1977 470 2039 agrestes
481 1976 532 2024 iliic
548 1975 662 2026 fruticosa
675 1976 786 2041 legebant

179 2050 324 2119 345Vitniua
335 2069 390 2102 cum
401 2057 491 2116 juncis,
507 2069 646 2119 gratamque
656 2051 782 2118 paludibus
794 2052 888 2104 uliam·

225 2130 330 2180 Accessit
341 2167 348 2189 ‚
365 2135 491 2198 potitoque
502 2147 562 2197 genu
574 2133 671 2181 Titania
681 2145 768 2181 terram

225 2209 311 2258 Pressit
322 2227 329 2267 ·,
347 2224 374 2258 ut
383 2213 487 2260 hauriret
497 2208 590 2275 gelidos
600 2223 688 2275 potura
698 2209 813 2276 liquoree.

154 2329 159 2344 ,
225 2287 321 2336 Rustica
331 2290 498 2336 turbaverant.
513 2288 564 2336 Dea
578 2292 610 2337 sic
622 2287 694 2338 affata
706 2303 810 2339 vetantes
821 2306 830 2348 ς

226 2361 293 2424 Quid
302 2368 433 2430 prohibetis
443 2369 527 2432 aquis?
540 2367 593 2415 usus
604 2371 740 2417 communis
750 2381 877 2434 aquatum.

180 2441 278 2512 350Nec
290 2445 369 2493 Solem
381 2448 503 2510 proprium
514 2461 597 2494 natura
609 2475 618 2504 ‚
634 2463 677 2495 nec
687 2451 741 2496 a'e‘ra
751 2446 830 2505 fetit,

227 2521 278 2570 Nec
290 2537 370 2574 tenues
382 2521 464 2571 undas.
477 2521 514 2571 Ad
524 2525 730 2588 pubiicuxmunera
739 2528 812 2584 venia

224 2599 285 2660 Quae
297 2613 377 2648 tamen
390 2615 417 2648 ut
431 2596 491 2648 detis
505 2601 602 2665 supplex
618 2617 684 2666 peto.
697 2601 755 2652 Non
765 2619 811 2666 ego
821 2602 914 2652 nostros
976 2612 980 2620 '

224 2678 327 2727 Abluere
337 2677 377 2727 hic
388 2693 451 2726 artus
463 2709 471 2737 ,
489 2675 617 2746 iaisaraque
628 2683 735 2732 membra
746 2683 879 2746 parabam

226 2755 271 2806 sed
281 2757 383 2806 relevare
394 2759 468 2805 sirim.
481 2755 555 2806 Caret
563 2774 591 2806 os
601 2760 701 2807 humore
712 2759 850 2824 loquentis.

179 2835 257 2896 mEt
268 2835 346 2885 fauces
358 2849 443 2892 arcntt
455 2837 542 2900 vixque
552 2837 585 2884 est
594 2839 633 2884 via
646 2839 712 2884 vocis
721 2839 745 2884 in
756 2836 813 2885 iliis.

228 2911 328 2962 Haustus
339 2927 406 2976 aquae
421 2913 482 2960 mihi
496 2917 575 2961 nediar
586 2916 630 2962 erit
641 2931 648 2962 a
660 2917 783 2979 vitamque
794 2913 890 2964 fatebor

226 2987 346 3058 Accepisse
357 2989 427 3042 simul
439 3009 445 3047 t
457 2993 534 3043 vitam
545 2989 657 3044 dederitis
667 2994 694 3042 in
704 2991 779 3043 uude.
