<?xml version="1.0" encoding="UTF-8"?>
<!DOCTYPE html PUBLIC "-//W3C//DTD XHTML 1.0 Transitional//EN"
    "http://www.w3.org/TR/xhtml1/DTD/xhtml1-transitional.dtd">
<html xmlns="http://www.w3.org/1999/xhtml" xml:lang="en" lang="en">
 <head>
  <title>
</title>
<meta http-equiv="Content-Type" content="text/html;charset=utf-8" />
  <meta name='ocr-system' content='tesseract 3.04.00' />
  <meta name='ocr-capabilities' content='ocr_page ocr_carea ocr_par ocr_line ocrx_word'/>
</head>
<body>
  <div class='ocr_page' id='page_1' title='image "./povidiinasoniso06ovidgoog_0073.png"; bbox 0 0 2056 3706; ppageno 0'>
   <div class='ocr_carea' id='block_1_1' title="bbox 201 311 826 405">
    <p class='ocr_par' dir='ltr' id='par_1_1' title="bbox 201 311 826 405">
     <span class='ocr_line' id='line_1_1' title="bbox 201 311 826 405; baseline -0.014 -18"><span class='ocrx_word' id='word_1_1' title='bbox 201 316 247 405; x_wconf 75' lang='lat'>64</span> <span class='ocrx_word' id='word_1_2' title='bbox 349 313 393 386; x_wconf 85' lang='lat' dir='ltr'>P.</span> <span class='ocrx_word' id='word_1_3' title='bbox 429 311 585 385; x_wconf 71' lang='lat' dir='ltr'>Orrnrr</span> <span class='ocrx_word' id='word_1_4' title='bbox 620 313 826 383; x_wconf 67' lang='lat' dir='ltr'>Nasonis-</span> 
     </span>
    </p>
   </div>
   <div class='ocr_carea' id='block_1_2' title="bbox 152 430 926 1824">
    <p class='ocr_par' dir='ltr' id='par_1_2' title="bbox 152 430 926 1824">
     <span class='ocr_line' id='line_1_2' title="bbox 197 430 845 504; baseline -0.011 -16"><span class='ocrx_word' id='word_1_5' title='bbox 197 436 348 490; x_wconf 77' lang='lat' dir='ltr'>Addiderat:</span> <span class='ocrx_word' id='word_1_6' title='bbox 360 452 500 504; x_wconf 75' lang='lat' dir='ltr'>poteratque</span> <span class='ocrx_word' id='word_1_7' title='bbox 511 453 584 502; x_wconf 88' lang='lat' dir='ltr'>puer,</span> <span class='ocrx_word' id='word_1_8' title='bbox 603 438 741 502; x_wconf 73' lang='lat' dir='ltr'>juvenisque</span> <span class='ocrx_word' id='word_1_9' title='bbox 756 430 845 483; x_wconf 80' lang='lat' dir='ltr'>videri.</span> 
     </span>
     <span class='ocr_line' id='line_1_3' title="bbox 197 511 801 580; baseline -0.01 -15"><span class='ocrx_word' id='word_1_10' title='bbox 197 516 272 566; x_wconf 87' lang='lat' dir='ltr'>Multi</span> <span class='ocrx_word' id='word_1_11' title='bbox 283 516 354 564; x_wconf 91' lang='lat' dir='ltr'>illum</span> <span class='ocrx_word' id='word_1_12' title='bbox 365 520 461 580; x_wconf 82' lang='lat' dir='ltr'>juvenes</span> <span class='ocrx_word' id='word_1_13' title='bbox 473 549 481 574; x_wconf 95' lang='lat'>‚</span> <span class='ocrx_word' id='word_1_14' title='bbox 496 515 580 564; x_wconf 77' lang='lat' dir='ltr'>multae</span> <span class='ocrx_word' id='word_1_15' title='bbox 591 517 685 579; x_wconf 88' lang='lat' dir='ltr'>cupiere</span> <span class='ocrx_word' id='word_1_16' title='bbox 697 511 782 578; x_wconf 81' lang='lat' dir='ltr'>puellae</span> <span class='ocrx_word' id='word_1_17' title='bbox 794 531 801 559; x_wconf 76' lang='grc' dir='ltr'><strong>ι</strong></span> 
     </span>
     <span class='ocr_line' id='line_1_4' title="bbox 199 589 807 656; baseline -0.007 -15"><span class='ocrx_word' id='word_1_18' title='bbox 199 591 244 642; x_wconf 85' lang='lat' dir='ltr'>Sed</span> <span class='ocrx_word' id='word_1_19' title='bbox 264 593 309 642; x_wconf 86' lang='lat' dir='ltr'>fuit</span> <span class='ocrx_word' id='word_1_20' title='bbox 329 596 354 641; x_wconf 92' lang='lat' dir='ltr'>in</span> <span class='ocrx_word' id='word_1_21' title='bbox 371 593 451 642; x_wconf 75' lang='lat' dir='ltr'>teneri</span> <span class='ocrx_word' id='word_1_22' title='bbox 468 607 518 641; x_wconf 81' lang='lat' dir='ltr'>tam</span> <span class='ocrx_word' id='word_1_23' title='bbox 529 590 580 641; x_wconf 86' lang='lat' dir='ltr'>dita</span> <span class='ocrx_word' id='word_1_24' title='bbox 592 593 699 656; x_wconf 89' lang='lat' dir='ltr'>superbia</span> <span class='ocrx_word' id='word_1_25' title='bbox 712 589 807 648; x_wconf 69' lang='lat' dir='ltr'>formai,</span> 
     </span>
     <span class='ocr_line' id='line_1_5' title="bbox 153 667 770 736; baseline -0.005 -17"><span class='ocrx_word' id='word_1_26' title='bbox 153 679 179 727; x_wconf 80' lang='lat'>35</span> <span class='ocrx_word' id='word_1_27' title='bbox 186 669 268 727; x_wconf 84' lang='lat' dir='ltr'>5Nulli</span> <span class='ocrx_word' id='word_1_28' title='bbox 282 671 351 719; x_wconf 90' lang='lat' dir='ltr'>illum</span> <span class='ocrx_word' id='word_1_29' title='bbox 361 675 475 736; x_wconf 78' lang='lat' dir='ltr'>Juvenes,</span> <span class='ocrx_word' id='word_1_30' title='bbox 489 670 560 718; x_wconf 82' lang='lat' dir='ltr'>nullae</span> <span class='ocrx_word' id='word_1_31' title='bbox 569 673 666 734; x_wconf 83' lang='lat' dir='ltr'>tetigere</span> <span class='ocrx_word' id='word_1_32' title='bbox 676 667 770 733; x_wconf 81' lang='lat' dir='ltr'>puellae.</span> 
     </span>
     <span class='ocr_line' id='line_1_6' title="bbox 198 746 889 812; baseline -0.006 -15"><span class='ocrx_word' id='word_1_33' title='bbox 198 749 290 812; x_wconf 79' lang='lat' dir='ltr'>Aspicit</span> <span class='ocrx_word' id='word_1_34' title='bbox 310 751 390 806; x_wconf 85' lang='lat' dir='ltr'>hunc,</span> <span class='ocrx_word' id='word_1_35' title='bbox 412 746 516 812; x_wconf 85' lang='lat' dir='ltr'>trepidos</span> <span class='ocrx_word' id='word_1_36' title='bbox 529 751 659 812; x_wconf 73' lang='lat' dir='ltr'>agitantem</span> <span class='ocrx_word' id='word_1_37' title='bbox 675 750 700 795; x_wconf 90' lang='lat' dir='ltr'>in</span> <span class='ocrx_word' id='word_1_38' title='bbox 714 748 772 795; x_wconf 83' lang='lat' dir='ltr'>retia</span> <span class='ocrx_word' id='word_1_39' title='bbox 783 761 889 806; x_wconf 83' lang='lat' dir='ltr'>cervos,</span> 
     </span>
     <span class='ocr_line' id='line_1_7' title="bbox 199 825 809 892; baseline -0.003 -18"><span class='ocrx_word' id='word_1_40' title='bbox 199 826 296 875; x_wconf 83' lang='lat' dir='ltr'>Vocalis</span> <span class='ocrx_word' id='word_1_41' title='bbox 307 826 421 892; x_wconf 85' lang='lat' dir='ltr'>Nymphe</span> <span class='ocrx_word' id='word_1_42' title='bbox 431 844 438 883; x_wconf 76' lang='lat'>3</span> <span class='ocrx_word' id='word_1_43' title='bbox 450 843 502 892; x_wconf 83' lang='lat' dir='ltr'>quae</span> <span class='ocrx_word' id='word_1_44' title='bbox 516 843 559 874; x_wconf 90' lang='lat' dir='ltr'>nec</span> <span class='ocrx_word' id='word_1_45' title='bbox 575 828 671 874; x_wconf 85' lang='lat' dir='ltr'>reticere</span> <span class='ocrx_word' id='word_1_46' title='bbox 683 825 809 889; x_wconf 67' lang='lat' dir='ltr'>loquenti,</span> 
     </span>
     <span class='ocr_line' id='line_1_8' title="bbox 199 901 825 970; baseline -0.008 -17"><span class='ocrx_word' id='word_1_47' title='bbox 199 903 251 953; x_wconf 88' lang='lat' dir='ltr'>Nec</span> <span class='ocrx_word' id='word_1_48' title='bbox 265 907 330 970; x_wconf 91' lang='lat' dir='ltr'>prior</span> <span class='ocrx_word' id='word_1_49' title='bbox 340 906 388 969; x_wconf 81' lang='lat' dir='ltr'>ipsa</span> <span class='ocrx_word' id='word_1_50' title='bbox 404 905 471 970; x_wconf 90' lang='lat' dir='ltr'>loqui</span> <span class='ocrx_word' id='word_1_51' title='bbox 484 901 586 959; x_wconf 84' lang='lat' dir='ltr'>didicit,</span> <span class='ocrx_word' id='word_1_52' title='bbox 601 902 738 951; x_wconf 75' lang='lat' dir='ltr'>resonabilis</span> <span class='ocrx_word' id='word_1_53' title='bbox 752 902 825 950; x_wconf 83' lang='lat' dir='ltr'>Echo.</span> 
     </span>
     <span class='ocr_line' id='line_1_9' title="bbox 198 979 902 1046; baseline -0.004 -15"><span class='ocrx_word' id='word_1_54' title='bbox 198 981 294 1046; x_wconf 79' lang='lat' dir='ltr'>Corpus</span> <span class='ocrx_word' id='word_1_55' title='bbox 313 980 389 1030; x_wconf 85' lang='lat' dir='ltr'>adhuc</span> <span class='ocrx_word' id='word_1_56' title='bbox 405 982 487 1036; x_wconf 83' lang='lat' dir='ltr'>Echo,</span> <span class='ocrx_word' id='word_1_57' title='bbox 499 998 548 1028; x_wconf 93' lang='lat' dir='ltr'>non</span> <span class='ocrx_word' id='word_1_58' title='bbox 560 997 606 1029; x_wconf 86' lang='lat' dir='ltr'>vox</span> <span class='ocrx_word' id='word_1_59' title='bbox 616 995 683 1029; x_wconf 86' lang='lat' dir='ltr'>erat:</span> <span class='ocrx_word' id='word_1_60' title='bbox 698 985 720 1029; x_wconf 76' lang='lat' dir='ltr'>bt</span> <span class='ocrx_word' id='word_1_61' title='bbox 736 995 815 1029; x_wconf 87' lang='lat' dir='ltr'>tamen</span> <span class='ocrx_word' id='word_1_62' title='bbox 828 979 902 1028; x_wconf 88' lang='lat' dir='ltr'>usum</span> 
     </span>
     <span class='ocr_line' id='line_1_10' title="bbox 153 1059 923 1124; baseline 0.004 -20"><span class='ocrx_word' id='word_1_63' title='bbox 153 1059 300 1120; x_wconf 78' lang='lat' dir='ltr'>36oGarruls</span> <span class='ocrx_word' id='word_1_64' title='bbox 309 1075 357 1107; x_wconf 91' lang='lat' dir='ltr'>non</span> <span class='ocrx_word' id='word_1_65' title='bbox 369 1059 460 1116; x_wconf 77' lang='lat' dir='ltr'>alium,</span> <span class='ocrx_word' id='word_1_66' title='bbox 475 1075 547 1124; x_wconf 89' lang='lat' dir='ltr'>quam</span> <span class='ocrx_word' id='word_1_67' title='bbox 559 1073 622 1106; x_wconf 86' lang='lat' dir='ltr'>nunc</span> <span class='ocrx_word' id='word_1_68' title='bbox 635 1059 723 1114; x_wconf 67' lang='lat' dir='ltr'>haber,</span> <span class='ocrx_word' id='word_1_69' title='bbox 735 1061 782 1106; x_wconf 86' lang='lat' dir='ltr'>oris</span> <span class='ocrx_word' id='word_1_70' title='bbox 795 1059 902 1107; x_wconf 82' lang='lat' dir='ltr'>habebat</span> <span class='ocrx_word' id='word_1_71' title='bbox 914 1073 923 1117; x_wconf 69' lang='grc' dir='ltr'><strong><em>ς</em></strong></span> 
     </span>
     <span class='ocr_line' id='line_1_11' title="bbox 200 1132 804 1200; baseline -0.003 -15"><span class='ocrx_word' id='word_1_72' title='bbox 200 1135 307 1186; x_wconf 85' lang='lat' dir='ltr'>Reddere</span> <span class='ocrx_word' id='word_1_73' title='bbox 318 1135 348 1185; x_wconf 91' lang='lat' dir='ltr'>de</span> <span class='ocrx_word' id='word_1_74' title='bbox 360 1136 441 1184; x_wconf 79' lang='lat' dir='ltr'>ntultis</span> <span class='ocrx_word' id='word_1_75' title='bbox 453 1151 479 1185; x_wconf 90' lang='lat' dir='ltr'>ut</span> <span class='ocrx_word' id='word_1_76' title='bbox 489 1137 561 1184; x_wconf 87' lang='lat' dir='ltr'>verba</span> <span class='ocrx_word' id='word_1_77' title='bbox 571 1139 702 1185; x_wconf 79' lang='lat' dir='ltr'>novissima</span> <span class='ocrx_word' id='word_1_78' title='bbox 719 1132 804 1200; x_wconf 78' lang='lat' dir='ltr'>pollet.</span> 
     </span>
     <span class='ocr_line' id='line_1_12' title="bbox 199 1209 856 1278; baseline -0.006 -14"><span class='ocrx_word' id='word_1_79' title='bbox 199 1215 296 1264; x_wconf 81' lang='lat' dir='ltr'>Fecerat</span> <span class='ocrx_word' id='word_1_80' title='bbox 312 1217 358 1264; x_wconf 94' lang='lat' dir='ltr'>hoc</span> <span class='ocrx_word' id='word_1_81' title='bbox 368 1215 430 1264; x_wconf 88' lang='lat' dir='ltr'>Juno</span> <span class='ocrx_word' id='word_1_82' title='bbox 441 1232 448 1263; x_wconf 76' lang='lat' dir='ltr'>c</span> <span class='ocrx_word' id='word_1_83' title='bbox 460 1217 534 1273; x_wconf 83' lang='lat' dir='ltr'>qnia,</span> <span class='ocrx_word' id='word_1_84' title='bbox 553 1213 608 1263; x_wconf 78' lang='lat' dir='ltr'>crim</span> <span class='ocrx_word' id='word_1_85' title='bbox 620 1211 765 1278; x_wconf 79' lang='lat' dir='ltr'>deprendere</span> <span class='ocrx_word' id='word_1_86' title='bbox 777 1209 856 1277; x_wconf 79' lang='lat' dir='ltr'>pollet</span> 
     </span>
     <span class='ocr_line' id='line_1_13' title="bbox 199 1291 854 1356; baseline -0.002 -15"><span class='ocrx_word' id='word_1_87' title='bbox 199 1293 247 1341; x_wconf 82' lang='lat' dir='ltr'>Sub</span> <span class='ocrx_word' id='word_1_88' title='bbox 259 1293 318 1341; x_wconf 88' lang='lat' dir='ltr'>Jove</span> <span class='ocrx_word' id='word_1_89' title='bbox 331 1294 390 1355; x_wconf 79' lang='lat' dir='ltr'>saepe</span> <span class='ocrx_word' id='word_1_90' title='bbox 404 1293 445 1340; x_wconf 90' lang='lat' dir='ltr'>suo</span> <span class='ocrx_word' id='word_1_91' title='bbox 459 1291 584 1355; x_wconf 79' lang='lat' dir='ltr'>Nymphas</span> <span class='ocrx_word' id='word_1_92' title='bbox 597 1293 622 1339; x_wconf 89' lang='lat' dir='ltr'>in</span> <span class='ocrx_word' id='word_1_93' title='bbox 637 1305 720 1340; x_wconf 87' lang='lat' dir='ltr'>monte</span> <span class='ocrx_word' id='word_1_94' title='bbox 734 1295 854 1356; x_wconf 82' lang='lat' dir='ltr'>jacentes,</span> 
     </span>
     <span class='ocr_line' id='line_1_14' title="bbox 199 1367 780 1434; baseline 0 -17"><span class='ocrx_word' id='word_1_95' title='bbox 199 1368 244 1417; x_wconf 84' lang='lat' dir='ltr'>llla</span> <span class='ocrx_word' id='word_1_96' title='bbox 255 1368 333 1418; x_wconf 81' lang='lat' dir='ltr'>Deam</span> <span class='ocrx_word' id='word_1_97' title='bbox 345 1369 420 1433; x_wconf 83' lang='lat' dir='ltr'>longo</span> <span class='ocrx_word' id='word_1_98' title='bbox 434 1367 536 1434; x_wconf 87' lang='lat' dir='ltr'>prudens</span> <span class='ocrx_word' id='word_1_99' title='bbox 548 1371 656 1418; x_wconf 83' lang='lat' dir='ltr'>sermone</span> <span class='ocrx_word' id='word_1_100' title='bbox 668 1369 780 1428; x_wconf 86' lang='lat' dir='ltr'>tenebat,</span> 
     </span>
     <span class='ocr_line' id='line_1_15' title="bbox 152 1445 921 1514; baseline 0.008 -22"><span class='ocrx_word' id='word_1_101' title='bbox 152 1445 266 1512; x_wconf 71' lang='lat' dir='ltr'>3650um</span> <span class='ocrx_word' id='word_1_102' title='bbox 283 1446 392 1510; x_wconf 80' lang='lat' dir='ltr'>fugerent</span> <span class='ocrx_word' id='word_1_103' title='bbox 406 1446 534 1510; x_wconf 68' lang='lat' dir='ltr'>nymphe.</span> <span class='ocrx_word' id='word_1_104' title='bbox 547 1447 600 1495; x_wconf 80' lang='lat' dir='ltr'>Poll</span> <span class='ocrx_word' id='word_1_105' title='bbox 611 1446 687 1514; x_wconf 71' lang='lat' dir='ltr'>quim</span> <span class='ocrx_word' id='word_1_106' title='bbox 702 1449 810 1496; x_wconf 83' lang='lat' dir='ltr'>Saturnia</span> <span class='ocrx_word' id='word_1_107' title='bbox 828 1449 921 1510; x_wconf 87' lang='lat' dir='ltr'>sensit;</span> 
     </span>
     <span class='ocr_line' id='line_1_16' title="bbox 199 1523 831 1589; baseline 0.003 -17"><span class='ocrx_word' id='word_1_108' title='bbox 199 1523 293 1586; x_wconf 83' lang='lat' dir='ltr'>Hujus,</span> <span class='ocrx_word' id='word_1_109' title='bbox 313 1526 364 1578; x_wconf 82' lang='lat' dir='ltr'>ait,</span> <span class='ocrx_word' id='word_1_110' title='bbox 378 1524 480 1588; x_wconf 76' lang='lat' dir='ltr'>lingue,</span> <span class='ocrx_word' id='word_1_111' title='bbox 496 1523 543 1588; x_wconf 75' lang='lat' dir='ltr'>qui</span> <span class='ocrx_word' id='word_1_112' title='bbox 554 1525 606 1572; x_wconf 90' lang='lat' dir='ltr'>sum</span> <span class='ocrx_word' id='word_1_113' title='bbox 618 1523 714 1584; x_wconf 79' lang='lat' dir='ltr'>delusa,</span> <span class='ocrx_word' id='word_1_114' title='bbox 730 1525 831 1589; x_wconf 85' lang='lat' dir='ltr'>poteslas</span> 
     </span>
     <span class='ocr_line' id='line_1_17' title="bbox 199 1598 926 1667; baseline 0.006 -19"><span class='ocrx_word' id='word_1_115' title='bbox 199 1599 273 1649; x_wconf 82' lang='lat' dir='ltr'>Parva</span> <span class='ocrx_word' id='word_1_116' title='bbox 288 1602 332 1648; x_wconf 91' lang='lat' dir='ltr'>tibi</span> <span class='ocrx_word' id='word_1_117' title='bbox 350 1598 459 1660; x_wconf 80' lang='lat' dir='ltr'>dabitur,</span> <span class='ocrx_word' id='word_1_118' title='bbox 475 1605 589 1667; x_wconf 81' lang='lat' dir='ltr'>vocisque</span> <span class='ocrx_word' id='word_1_119' title='bbox 604 1603 754 1651; x_wconf 81' lang='lat' dir='ltr'>brevissimus</span> <span class='ocrx_word' id='word_1_120' title='bbox 773 1605 835 1652; x_wconf 83' lang='lat' dir='ltr'>usus.</span> <span class='ocrx_word' id='word_1_121' title='bbox 921 1613 926 1620; x_wconf 95' lang='grc'><strong>“</strong></span> 
     </span>
     <span class='ocr_line' id='line_1_18' title="bbox 199 1667 907 1746; baseline 0.013 -23"><span class='ocrx_word' id='word_1_122' title='bbox 199 1677 281 1741; x_wconf 86' lang='lat' dir='ltr'>Reque</span> <span class='ocrx_word' id='word_1_123' title='bbox 292 1681 367 1726; x_wconf 83' lang='lat' dir='ltr'>minas</span> <span class='ocrx_word' id='word_1_124' title='bbox 377 1676 470 1728; x_wconf 86' lang='lat' dir='ltr'>firmat:</span> <span class='ocrx_word' id='word_1_125' title='bbox 479 1695 559 1728; x_wconf 71' lang='lat' dir='ltr'>temen</span> <span class='ocrx_word' id='word_1_126' title='bbox 570 1681 620 1728; x_wconf 73' lang='lat' dir='ltr'>haec</span> <span class='ocrx_word' id='word_1_127' title='bbox 632 1684 656 1729; x_wconf 93' lang='lat' dir='ltr'>in</span> <span class='ocrx_word' id='word_1_128' title='bbox 668 1679 715 1729; x_wconf 87' lang='lat' dir='ltr'>fine</span> <span class='ocrx_word' id='word_1_129' title='bbox 727 1679 843 1746; x_wconf 83' lang='lat' dir='ltr'>loquendi</span> <span class='ocrx_word' id='word_1_130' title='bbox 901 1667 907 1678; x_wconf 46' lang='lat'><em>⁵</em></span> 
     </span>
     <span class='ocr_line' id='line_1_19' title="bbox 199 1753 785 1824; baseline 0.014 -22"><span class='ocrx_word' id='word_1_131' title='bbox 199 1753 333 1819; x_wconf 79' lang='lat' dir='ltr'>ingeminat</span> <span class='ocrx_word' id='word_1_132' title='bbox 345 1771 416 1805; x_wconf 83' lang='lat' dir='ltr'>voces</span> <span class='ocrx_word' id='word_1_133' title='bbox 428 1792 436 1817; x_wconf 92' lang='lat'>,</span> <span class='ocrx_word' id='word_1_134' title='bbox 448 1756 575 1824; x_wconf 88' lang='lat' dir='ltr'>auditaque</span> <span class='ocrx_word' id='word_1_135' title='bbox 589 1759 661 1809; x_wconf 84' lang='lat' dir='ltr'>verba</span> <span class='ocrx_word' id='word_1_136' title='bbox 672 1774 785 1824; x_wconf 80' lang='lat' dir='ltr'>reportat.</span> 
     </span>
    </p>
   </div>
   <div class='ocr_carea' id='block_1_3' title="bbox 151 1914 900 2684">
    <p class='ocr_par' dir='ltr' id='par_1_3' title="bbox 152 1914 900 2290">
     <span class='ocr_line' id='line_1_20' title="bbox 152 1914 900 1986; baseline 0.007 -20"><span class='ocrx_word' id='word_1_137' title='bbox 152 1920 198 1968; x_wconf 78' lang='lat'>370</span> <span class='ocrx_word' id='word_1_138' title='bbox 231 1914 295 1980; x_wconf 86' lang='lat' dir='ltr'>Ergo</span> <span class='ocrx_word' id='word_1_139' title='bbox 313 1916 354 1965; x_wconf 89' lang='lat' dir='ltr'>ubi</span> <span class='ocrx_word' id='word_1_140' title='bbox 364 1915 517 1973; x_wconf 79' lang='lat' dir='ltr'>Narcissum,</span> <span class='ocrx_word' id='word_1_141' title='bbox 535 1935 576 1984; x_wconf 90' lang='lat' dir='ltr'>per</span> <span class='ocrx_word' id='word_1_142' title='bbox 589 1917 657 1969; x_wconf 86' lang='lat' dir='ltr'>devia</span> <span class='ocrx_word' id='word_1_143' title='bbox 669 1917 739 1968; x_wconf 72' lang='lat' dir='ltr'>lustra</span> <span class='ocrx_word' id='word_1_144' title='bbox 753 1933 900 1986; x_wconf 84' lang='lat' dir='ltr'>vagantem,</span> 
     </span>
     <span class='ocr_line' id='line_1_21' title="bbox 200 1991 791 2064; baseline 0.012 -23"><span class='ocrx_word' id='word_1_145' title='bbox 200 1991 286 2049; x_wconf 88' lang='lat' dir='ltr'>Vidit,</span> <span class='ocrx_word' id='word_1_146' title='bbox 301 1998 326 2044; x_wconf 76' lang='lat' dir='ltr'>bc</span> <span class='ocrx_word' id='word_1_147' title='bbox 338 1996 454 2046; x_wconf 81' lang='lat' dir='ltr'>incaluit:</span> <span class='ocrx_word' id='word_1_148' title='bbox 467 1999 573 2064; x_wconf 87' lang='lat' dir='ltr'>sequitur</span> <span class='ocrx_word' id='word_1_149' title='bbox 590 1998 686 2062; x_wconf 73' lang='lat' dir='ltr'>vestigia</span> <span class='ocrx_word' id='word_1_150' title='bbox 697 1999 791 2048; x_wconf 84' lang='lat' dir='ltr'>furtim.</span> 
     </span>
     <span class='ocr_line' id='line_1_22' title="bbox 201 2069 884 2141; baseline 0.013 -22"><span class='ocrx_word' id='word_1_151' title='bbox 201 2069 305 2138; x_wconf 88' lang='lat' dir='ltr'>Quoque</span> <span class='ocrx_word' id='word_1_152' title='bbox 316 2077 390 2138; x_wconf 81' lang='lat' dir='ltr'>magis</span> <span class='ocrx_word' id='word_1_153' title='bbox 406 2076 510 2138; x_wconf 69' lang='lat' dir='ltr'>sequitur</span> <span class='ocrx_word' id='word_1_154' title='bbox 522 2111 529 2132; x_wconf 91' lang='lat'><strong><em>,</em></strong></span> <span class='ocrx_word' id='word_1_155' title='bbox 541 2075 639 2124; x_wconf 77' lang='lat' dir='ltr'>flammi</span> <span class='ocrx_word' id='word_1_156' title='bbox 653 2081 763 2141; x_wconf 89' lang='lat' dir='ltr'>propiore</span> <span class='ocrx_word' id='word_1_157' title='bbox 778 2077 884 2128; x_wconf 79' lang='lat' dir='ltr'>calescit.</span> 
     </span>
     <span class='ocr_line' id='line_1_23' title="bbox 199 2147 850 2214; baseline 0.011 -18"><span class='ocrx_word' id='word_1_158' title='bbox 199 2147 258 2197; x_wconf 92' lang='lat' dir='ltr'>Non</span> <span class='ocrx_word' id='word_1_159' title='bbox 276 2150 360 2206; x_wconf 84' lang='lat' dir='ltr'>aliter,</span> <span class='ocrx_word' id='word_1_160' title='bbox 373 2149 446 2214; x_wconf 74' lang='lat' dir='ltr'>quim</span> <span class='ocrx_word' id='word_1_161' title='bbox 456 2151 511 2199; x_wconf 77' lang='lat' dir='ltr'>crim</span> <span class='ocrx_word' id='word_1_162' title='bbox 525 2153 622 2200; x_wconf 87' lang='lat' dir='ltr'>summis</span> <span class='ocrx_word' id='word_1_163' title='bbox 633 2153 768 2203; x_wconf 86' lang='lat' dir='ltr'>circumlita</span> <span class='ocrx_word' id='word_1_164' title='bbox 782 2153 850 2204; x_wconf 84' lang='lat' dir='ltr'>taedis</span> 
     </span>
     <span class='ocr_line' id='line_1_24' title="bbox 199 2223 778 2290; baseline 0.014 -17"><span class='ocrx_word' id='word_1_165' title='bbox 199 2223 329 2274; x_wconf 78' lang='lat' dir='ltr'>Admotam</span> <span class='ocrx_word' id='word_1_166' title='bbox 341 2229 435 2290; x_wconf 87' lang='lat' dir='ltr'>rapiunt</span> <span class='ocrx_word' id='word_1_167' title='bbox 443 2231 535 2277; x_wconf 82' lang='lat' dir='ltr'>vivacia</span> <span class='ocrx_word' id='word_1_168' title='bbox 547 2229 636 2278; x_wconf 88' lang='lat' dir='ltr'>sulfura</span> <span class='ocrx_word' id='word_1_169' title='bbox 646 2229 778 2281; x_wconf 85' lang='lat' dir='ltr'>flammam.</span> 
     </span>
    </p>

    <p class='ocr_par' dir='ltr' id='par_1_4' title="bbox 151 2301 775 2368">
     <span class='ocr_line' id='line_1_25' title="bbox 151 2301 775 2368; baseline 0.014 -20"><span class='ocrx_word' id='word_1_170' title='bbox 151 2301 221 2352; x_wconf 78' lang='lat'>3750</span> <span class='ocrx_word' id='word_1_171' title='bbox 232 2304 239 2351; x_wconf 85' lang='lat' dir='ltr'>l</span> <span class='ocrx_word' id='word_1_172' title='bbox 252 2307 345 2368; x_wconf 87' lang='lat' dir='ltr'>quoties</span> <span class='ocrx_word' id='word_1_173' title='bbox 362 2303 441 2352; x_wconf 84' lang='lat' dir='ltr'>voluit</span> <span class='ocrx_word' id='word_1_174' title='bbox 452 2303 546 2352; x_wconf 84' lang='lat' dir='ltr'>blandis</span> <span class='ocrx_word' id='word_1_175' title='bbox 561 2305 672 2356; x_wconf 86' lang='lat' dir='ltr'>accedere</span> <span class='ocrx_word' id='word_1_176' title='bbox 689 2307 775 2368; x_wconf 64' lang='lat' dir='ltr'>disin,</span> 
     </span>
    </p>

    <p class='ocr_par' dir='ltr' id='par_1_5' title="bbox 198 2375 884 2684">
     <span class='ocr_line' id='line_1_26' title="bbox 199 2375 861 2450; baseline 0.011 -21"><span class='ocrx_word' id='word_1_177' title='bbox 199 2380 230 2430; x_wconf 85' lang='lat' dir='ltr'>Et</span> <span class='ocrx_word' id='word_1_178' title='bbox 245 2381 330 2430; x_wconf 83' lang='lat' dir='ltr'>molles</span> <span class='ocrx_word' id='word_1_179' title='bbox 344 2379 456 2431; x_wconf 82' lang='lat' dir='ltr'>adhibere</span> <span class='ocrx_word' id='word_1_180' title='bbox 465 2383 560 2448; x_wconf 83' lang='lat' dir='ltr'>preces!</span> <span class='ocrx_word' id='word_1_181' title='bbox 573 2383 666 2434; x_wconf 83' lang='lat' dir='ltr'>Natura</span> <span class='ocrx_word' id='word_1_182' title='bbox 677 2401 811 2450; x_wconf 79' lang='lat' dir='ltr'>repugnet,</span> <span class='ocrx_word' id='word_1_183' title='bbox 858 2375 861 2382; x_wconf 32' lang='lat'><strong><em>¹</em></strong></span> 
     </span>
     <span class='ocr_line' id='line_1_27' title="bbox 200 2458 884 2530; baseline 0.01 -23"><span class='ocrx_word' id='word_1_184' title='bbox 200 2458 251 2507; x_wconf 89' lang='lat' dir='ltr'>Nec</span> <span class='ocrx_word' id='word_1_185' title='bbox 268 2463 324 2508; x_wconf 88' lang='lat' dir='ltr'>sinit</span> <span class='ocrx_word' id='word_1_186' title='bbox 337 2462 449 2524; x_wconf 83' lang='lat' dir='ltr'>incipiat:</span> <span class='ocrx_word' id='word_1_187' title='bbox 460 2460 518 2520; x_wconf 84' lang='lat' dir='ltr'>sed,</span> <span class='ocrx_word' id='word_1_188' title='bbox 534 2461 600 2528; x_wconf 93' lang='lat' dir='ltr'>quod</span> <span class='ocrx_word' id='word_1_189' title='bbox 617 2466 689 2524; x_wconf 88' lang='lat' dir='ltr'>sinit,</span> <span class='ocrx_word' id='word_1_190' title='bbox 705 2464 747 2513; x_wconf 83' lang='lat' dir='ltr'>illa</span> <span class='ocrx_word' id='word_1_191' title='bbox 758 2479 840 2530; x_wconf 85' lang='lat' dir='ltr'>parata</span> <span class='ocrx_word' id='word_1_192' title='bbox 851 2459 884 2514; x_wconf 81' lang='lat' dir='ltr'>est</span> 
     </span>
     <span class='ocr_line' id='line_1_28' title="bbox 198 2536 816 2604; baseline 0.006 -18"><span class='ocrx_word' id='word_1_193' title='bbox 198 2536 336 2601; x_wconf 74' lang='lat' dir='ltr'>Exspectare</span> <span class='ocrx_word' id='word_1_194' title='bbox 352 2539 422 2586; x_wconf 89' lang='lat' dir='ltr'>sonos</span> <span class='ocrx_word' id='word_1_195' title='bbox 435 2573 442 2596; x_wconf 90' lang='lat'><strong><em>,</em></strong></span> <span class='ocrx_word' id='word_1_196' title='bbox 454 2536 483 2587; x_wconf 87' lang='lat' dir='ltr'>ad</span> <span class='ocrx_word' id='word_1_197' title='bbox 495 2557 555 2604; x_wconf 92' lang='lat' dir='ltr'>quos</span> <span class='ocrx_word' id='word_1_198' title='bbox 568 2542 608 2589; x_wconf 82' lang='lat' dir='ltr'>sua</span> <span class='ocrx_word' id='word_1_199' title='bbox 619 2542 692 2590; x_wconf 85' lang='lat' dir='ltr'>verba</span> <span class='ocrx_word' id='word_1_200' title='bbox 702 2545 816 2592; x_wconf 87' lang='lat' dir='ltr'>remittat.</span> 
     </span>
     <span class='ocr_line' id='line_1_29' title="bbox 199 2612 864 2684; baseline 0.012 -23"><span class='ocrx_word' id='word_1_201' title='bbox 199 2612 269 2662; x_wconf 62' lang='lat' dir='ltr'>Fore&amp;</span> <span class='ocrx_word' id='word_1_202' title='bbox 284 2630 356 2679; x_wconf 86' lang='lat' dir='ltr'>puer,</span> <span class='ocrx_word' id='word_1_203' title='bbox 374 2618 491 2664; x_wconf 86' lang='lat' dir='ltr'>comitum</span> <span class='ocrx_word' id='word_1_204' title='bbox 511 2615 617 2666; x_wconf 67' lang='lat' dir='ltr'>sedulius</span> <span class='ocrx_word' id='word_1_205' title='bbox 633 2621 662 2666; x_wconf 89' lang='lat' dir='ltr'>ab</span> <span class='ocrx_word' id='word_1_206' title='bbox 678 2623 773 2684; x_wconf 83' lang='lat' dir='ltr'>agmine</span> <span class='ocrx_word' id='word_1_207' title='bbox 793 2618 864 2680; x_wconf 84' lang='lat' dir='ltr'>fido,</span> 
     </span>
    </p>
   </div>
   <div class='ocr_carea' id='block_1_4' title="bbox 46 2685 958 2777">
    <p class='ocr_par' dir='ltr' id='par_1_6' title="bbox 46 2685 958 2777">
     <span class='ocr_line' id='line_1_30' title="bbox 46 2685 958 2777; baseline 0.012 -41"><span class='ocrx_word' id='word_1_208' title='bbox 46 2708 48 2712; x_wconf 59' lang='lat'><strong><em>¹</em></strong></span> <span class='ocrx_word' id='word_1_209' title='bbox 151 2685 296 2746; x_wconf 74' lang='lat' dir='ltr'>380Dixerat</span> <span class='ocrx_word' id='word_1_210' title='bbox 309 2727 316 2752; x_wconf 91' lang='lat'>,</span> <span class='ocrx_word' id='word_1_211' title='bbox 333 2692 419 2758; x_wconf 84' lang='lat' dir='ltr'>Ecquis</span> <span class='ocrx_word' id='word_1_212' title='bbox 430 2691 507 2742; x_wconf 79' lang='lat' dir='ltr'>adest?</span> <span class='ocrx_word' id='word_1_213' title='bbox 520 2699 561 2753; x_wconf 77' lang='lat' dir='ltr'>bc,</span> <span class='ocrx_word' id='word_1_214' title='bbox 575 2693 644 2744; x_wconf 73' lang='lat' dir='ltr'>Adest</span> <span class='ocrx_word' id='word_1_215' title='bbox 654 2731 661 2754; x_wconf 96' lang='lat'>,</span> <span class='ocrx_word' id='word_1_216' title='bbox 672 2695 826 2760; x_wconf 87' lang='lat' dir='ltr'>responderat</span> <span class='ocrx_word' id='word_1_217' title='bbox 837 2697 913 2747; x_wconf 80' lang='lat' dir='ltr'>Echo.</span> <span class='ocrx_word' id='word_1_218' title='bbox 955 2768 958 2777; x_wconf 35' lang='grc'>1</span> 
     </span>
    </p>
   </div>
   <div class='ocr_carea' id='block_1_5' title="bbox 197 2769 913 3074">
    <p class='ocr_par' dir='ltr' id='par_1_7' title="bbox 197 2769 913 3074">
     <span class='ocr_line' id='line_1_31' title="bbox 198 2769 849 2837; baseline 0.008 -18"><span class='ocrx_word' id='word_1_219' title='bbox 198 2769 244 2819; x_wconf 93' lang='lat' dir='ltr'>Hic</span> <span class='ocrx_word' id='word_1_220' title='bbox 259 2769 351 2835; x_wconf 84' lang='lat' dir='ltr'>stupet:</span> <span class='ocrx_word' id='word_1_221' title='bbox 366 2787 438 2836; x_wconf 89' lang='lat' dir='ltr'>utque</span> <span class='ocrx_word' id='word_1_222' title='bbox 450 2775 525 2820; x_wconf 87' lang='lat' dir='ltr'>aciem</span> <span class='ocrx_word' id='word_1_223' title='bbox 537 2788 613 2837; x_wconf 81' lang='lat' dir='ltr'>partes</span> <span class='ocrx_word' id='word_1_224' title='bbox 625 2771 705 2822; x_wconf 88' lang='lat' dir='ltr'>divisit</span> <span class='ocrx_word' id='word_1_225' title='bbox 715 2778 739 2823; x_wconf 89' lang='lat' dir='ltr'>in</span> <span class='ocrx_word' id='word_1_226' title='bbox 749 2791 849 2834; x_wconf 90' lang='lat' dir='ltr'>omnes,</span> 
     </span>
     <span class='ocr_line' id='line_1_32' title="bbox 197 2848 881 2916; baseline 0.009 -20"><span class='ocrx_word' id='word_1_227' title='bbox 197 2848 278 2907; x_wconf 85' lang='lat' dir='ltr'>Voce,</span> <span class='ocrx_word' id='word_1_228' title='bbox 296 2849 377 2906; x_wconf 85' lang='lat' dir='ltr'>Veni,</span> <span class='ocrx_word' id='word_1_229' title='bbox 393 2848 481 2901; x_wconf 83' lang='lat' dir='ltr'>clamat</span> <span class='ocrx_word' id='word_1_230' title='bbox 491 2851 577 2916; x_wconf 75' lang='lat' dir='ltr'>magni</span> <span class='ocrx_word' id='word_1_231' title='bbox 589 2870 595 2899; x_wconf 88' lang='lat'><strong>:</strong></span> <span class='ocrx_word' id='word_1_232' title='bbox 608 2867 679 2900; x_wconf 83' lang='lat' dir='ltr'>vocat</span> <span class='ocrx_word' id='word_1_233' title='bbox 688 2851 730 2900; x_wconf 88' lang='lat' dir='ltr'>illa</span> <span class='ocrx_word' id='word_1_234' title='bbox 744 2869 881 2902; x_wconf 86' lang='lat' dir='ltr'>vocantem.</span> 
     </span>
     <span class='ocr_line' id='line_1_33' title="bbox 198 2927 912 2996; baseline 0.006 -20"><span class='ocrx_word' id='word_1_235' title='bbox 198 2927 303 2992; x_wconf 88' lang='lat' dir='ltr'>Respicit</span> <span class='ocrx_word' id='word_1_236' title='bbox 315 2947 320 2976; x_wconf 91' lang='lat'><strong>:</strong></span> <span class='ocrx_word' id='word_1_237' title='bbox 334 2931 372 2987; x_wconf 79' lang='lat' dir='ltr'>bc,</span> <span class='ocrx_word' id='word_1_238' title='bbox 385 2928 453 2978; x_wconf 90' lang='lat' dir='ltr'>nullo</span> <span class='ocrx_word' id='word_1_239' title='bbox 471 2931 548 2978; x_wconf 88' lang='lat' dir='ltr'>rursus</span> <span class='ocrx_word' id='word_1_240' title='bbox 560 2933 688 2984; x_wconf 88' lang='lat' dir='ltr'>veniente,</span> <span class='ocrx_word' id='word_1_241' title='bbox 705 2928 770 2988; x_wconf 86' lang='lat' dir='ltr'>Quid</span> <span class='ocrx_word' id='word_1_242' title='bbox 783 2966 790 2989; x_wconf 94' lang='lat'>,</span> <span class='ocrx_word' id='word_1_243' title='bbox 809 2933 912 2996; x_wconf 83' lang='lat' dir='ltr'>inquit,</span> 
     </span>
     <span class='ocr_line' id='line_1_34' title="bbox 197 3005 913 3074; baseline 0.004 -19"><span class='ocrx_word' id='word_1_244' title='bbox 197 3006 240 3056; x_wconf 87' lang='lat' dir='ltr'>Me</span> <span class='ocrx_word' id='word_1_245' title='bbox 254 3005 336 3073; x_wconf 78' lang='lat' dir='ltr'>fugis?</span> <span class='ocrx_word' id='word_1_246' title='bbox 356 3012 380 3057; x_wconf 77' lang='lat' dir='ltr'>bc</span> <span class='ocrx_word' id='word_1_247' title='bbox 393 3006 513 3069; x_wconf 84' lang='lat' dir='ltr'>totidem,</span> <span class='ocrx_word' id='word_1_248' title='bbox 526 3023 586 3074; x_wconf 88' lang='lat' dir='ltr'>quor</span> <span class='ocrx_word' id='word_1_249' title='bbox 595 3007 673 3068; x_wconf 85' lang='lat' dir='ltr'>dixit,</span> <span class='ocrx_word' id='word_1_250' title='bbox 684 3010 756 3059; x_wconf 83' lang='lat' dir='ltr'>verba</span> <span class='ocrx_word' id='word_1_251' title='bbox 766 3012 865 3074; x_wconf 84' lang='lat' dir='ltr'>reecpit.</span> <span class='ocrx_word' id='word_1_252' title='bbox 909 3033 913 3039; x_wconf 97' lang='lat'>·</span> 
     </span>
    </p>
   </div>
   <div class='ocr_carea' id='block_1_6' title="bbox 0 0 1032 3706">
    <p class='ocr_par' dir='ltr' id='par_1_8' title="bbox 0 0 1032 3706">
     <span class='ocr_line' id='line_1_35' title="bbox 0 0 1032 3706; baseline 0 0"><span class='ocrx_word' id='word_1_253' title='bbox 0 0 1032 3706; x_wconf 95' lang='lat' dir='ltr'> </span> 
     </span>
    </p>
   </div>
  </div>
 </body>
</html>
