2078 3708
126 250 575 325 MrrAMoarrrosrors
594 258 632 326 L.
651 257 696 328 V.
726 279 787 349 115

55 375 226 440 Attonitaeque
243 373 290 424 diu
303 377 391 426 similis
403 377 449 427 fuit
462 396 468 426 r
480 393 553 444 utque
564 376 650 429 dolore
798 390 844 433 5¹0

56 452 123 500 Pulsa
136 455 208 517 gravi
225 457 313 518 gravis
331 455 497 515 climencia,
510 459 617 506 curribus
628 473 696 506 auras

56 531 109 580 Exit
119 533 146 580 in
158 533 282 580 aethereas
296 551 303 580 ε
314 535 350 582 ibi
360 549 413 582 toto
424 534 507 582 nubila
521 533 591 584 vultu

56 612 117 676 Ante
129 609 223 659 lovem
244 613 327 676 passis
342 611 405 662 stetit
419 611 535 662 invidiosa
549 612 651 678 capillis.

55 686 149 752 Proque
168 703 231 736 meo
250 691 315 737 veui
331 689 429 754 supplex
445 691 504 750 tibi,
525 691 653 756 iuppiter,
668 693 764 758 inquit,

57 765 200 829 Sanguine,
213 781 318 832 proque
331 781 383 816 tuo.
399 771 423 817 Si
435 769 502 818 nulla
512 769 544 818 est
554 771 629 834 gratia
639 773 738 829 matris,
767 823 769 828 .
801 782 843 826 5¹5

58 840 120 890 Nata
135 858 236 906 patrem
252 861 374 896 moveat:
384 863 430 896 neu
442 849 472 896 sit
483 847 526 896 tibi
538 849 607 908 cura,
623 864 762 914 precamur,

59 917 136 968 Vilior
148 920 218 970 illius
231 957 241 983 ,
260 923 335 990 quod
354 924 435 974 nostro
452 925 484 974 est
497 924 566 975 edita‘
575 941 653 992 partu.

60 996 94 1045 En
114 1003 219 1064 quaesita
237 999 286 1050 diu
307 1001 412 1052 tandem'
419 1005 480 1052 mihi
496 1019 551 1052 nata
568 1019 660 1070 reperta
679 1005 727 1064 est3

62 1077 85 1124 Si
101 1069 206 1142 reperire
223 1096 321 1141 vocas,
342 1084 451 1130 amittere
466 1081 571 1141 certisis3
587 1097 628 1132 aut
643 1085 662 1131 si

62 1155 124 1202 Scire
138 1157 181 1204 ubi
201 1161 256 1218 sit,
279 1162 386 1224 reperire
397 1175 477 1210 vocas.
489 1158 563 1220 Quod
574 1153 655 1227 rapta,
670 1160 787 1218 feremus,
802 1165 847 1210 520

59 1230 207 1284 Dummodo
218 1235 316 1287 reddat
328 1253 382 1286 eam
394 1255 399 1286 a
413 1255 490 1304 neque
502 1237 685 1303 enimpraedone
695 1242 784 1288 marito

62 1310 121 1360 Pilia
138 1310 215 1378 digna
232 1329 278 1364 tua
289 1316 344 1374 est,
362 1319 381 1364 si
394 1320 444 1382 jam
459 1333 511 1365 mea
524 1315 574 1364 filia
587 1315 659 1381 digna
673 1316 713 1366 est.

63 1387 169 1454 luppiter
181 1395 281 1458 excepit
297 1411 305 1452 ς
320 1391 459 1444 Commune
471 1395 503 1443 est
513 1398 598 1460 pignus
611 1409 720 1460 onusque

64 1466 127 1517 Nata
136 1472 198 1519 mihi
211 1487 322 1521 tecum:
336 1470 393 1533 sed,
405 1475 423 1521 si
434 1470 511 1522 modi>
522 1475 622 1521 uomina
637 1473 706 1520 rebus

67 1543 159 1597 Addere
169 1566 227 1599 vera
239 1550 344 1616 placet,
356 1567 406 1599 non
417 1552 463 1599 hoc
478 1553 565 1615 injuria
577 1549 681 1610 fastum,
802 1558 844 1608 5²5

68 1622 156 1674 Verrim
168 1643 240 1677 amor
252 1628 390 1696 estrueque
401 1631 446 1678 erit
457 1630 527 1676 nobis
537 1643 609 1694 gener
620 1626 663 1676 ille
676 1625 763 1692 pudori
774 1644 780 1674 ε

70 1701 108 1750 Tu
117 1702 210 1764 modo,
219 1705 306 1767 Diva,
321 1706 388 1755 velis.
403 1704 524 1756 Utdesint
534 1721 626 1766 cetera,
639 1719 755 1772 quantum
766 1703 800 1752 est

70 1777 122 1832 Effe
143 1783 211 1832 lovis
221 1783 342 1836 fratrem!
361 1781 436 1852 quid?
448 1781 516 1850 quod
526 1801 570 1834 nec
587 1798 664 1832 cetera
675 1780 760 1832 desunt
772 1799 781 1842 ·‚

71 1857 123 1908 Nec
140 1859 206 1910 cedit
222 1865 269 1912 nisi
285 1865 347 1912 sorte
359 1865 437 1910 milri?
454 1859 499 1910 Sed
509 1876 574 1910 tanta
586 1858 675 1925 cupido

74 1937 97 1984 Si
108 1938 151 1986 tibi
165 1937 262 1990 discidii
277 1977 285 2001 ‚
298 1955 389 2006 repetat
401 1940 540 2004 Proserpina
549 1938 658 1995 coelum3
802 1949 849 2002 530

75 2013 136 2081 lege
149 2033 232 2072 tamen
243 2019 313 2070 certi
326 2053 333 2078 ‚
347 2021 365 2076 si
377 2017 457 2067 nullos
472 2014 636 2080 contigirillic

78 2094 123 2144 Ore
133 2097 199 2148 cibos
212 2119 218 2148 r
229 2115 293 2149 nam
304 2101 337 2147 sic
348 2099 476 2151 Parcarum
489 2091 580 2150 soedere
590 2107 686 2150 caurum
698 2091 739 2145 eu.

107 2253 210 2309 Dixerat
221 2279 228 2309 a
242 2275 270 2310 at
280 2257 364 2314 Cereri
375 2269 466 2310 certum
475 2256 507 2312 est
517 2253 616 2306 educere
627 2267 717 2304 natam.

81 2333 136 2384 Non
149 2338 183 2385 ira
193 2336 244 2387 fata
255 2341 353 2396 sinunt,
365 2338 479 2401 quoniam
488 2338 576 2400 jejunia
587 2337 656 2397 virgo

81 2413 187 2465 Solverat
200 2435 206 2464 :
219 2421 260 2477 &‚
274 2415 345 2465 cultis
356 2413 414 2464 dum
426 2413 526 2478 simplex
534 2427 595 2461 errat
607 2415 631 2460 iu
643 2412 736 2471 hortis,
804 2425 847 2470 535

82 2490 210 2544 Puniceum
226 2491 301 2545 curvi
312 2491 459 2556 decerpserat
470 2492 552 2540 arbore
565 2505 681 2555 pomuma

83 2571 211 2638 Sumtaque
222 2572 324 2638 pallenti
340 2573 431 2636 septem
442 2567 471 2618 de
484 2572 572 2620 corrice
581 2584 653 2641 grana
685 2603 686 2606 ,

84 2647 198 2700 Presserat
211 2669 255 2704 ore
267 2653 319 2700 suo.
338 2649 453 2720 Solusque
467 2665 495 2699 ex
504 2649 616 2698 omnibus
627 2646 689 2699 illud

85 2724 182 2777 Viderat
194 2727 337 2794 Ascalaphus
349 2743 354 2776 r
367 2743 439 2793 quem
451 2723 575 2792 quoddam
586 2723 673 2774 dicitur
682 2723 779 2788 Orphne
792 2757 800 2780 ,

87 2801 150 2852 Inter
163 2805 289 2856 Avernales
299 2803 363 2854 haud
375 2807 525 2869 ignotissima
536 2803 673 2865 Nymphas.
805 2809 813 2854 5
820 2807 851 2852 40

88 2881 123 2930 Ex
139 2885 270 2934 Acheronte
280 2885 323 2932 suo
335 2881 407 2932 furvis
418 2879 530 2947 peperille
543 2882 583 2928 sub
596 2881 677 2931 antris.

91 2958 173 3024 Υἰάὶς,
186 2967 210 3014 δι
223 2958 425 3021 indiciottdltuni
437 2958 538 3018 crudelis
550 2955 651 3017 adsuit·
