2056 3706
198 213 682 285 Marauonrnosnouz.
705 213 736 282 I.
791 241 811 300 9

96 335 236 387 Terrificam
253 341 334 404 capitis
348 341 468 387 concussit
482 351 565 404 terque
579 352 708 404 quaterque

96 413 224 464 Cesarietn
236 434 242 464 ε
255 433 309 465 cum
319 433 366 482 qua
377 431 479 476 terram,
493 432 558 465 mare
569 452 576 475 ,
587 413 676 476 sidera,
690 415 784 469 movit:
817 413 865 462 180

98 493 194 542 Talibus
203 491 258 544 inde
268 493 346 544 modis
357 511 400 544 ora
414 492 565 559 indignantia
575 492 656 544 solvit.

99 569 153 618 Nou
169 588 212 636 ego
223 589 267 636 pto
280 571 365 622 mundi
376 587 450 636 regno
466 577 542 637 magis
553 575 635 621 anxius
646 571 690 621 illa

98 648 242 714 Tempestate
255 650 306 709 fui,
320 649 368 716 qui
382 666 480 700 centurn
491 653 591 716 quisque
601 650 716 715 parabant

96 725 192 791 injicere
207 727 376 794 Anguipedum
391 731 488 794 captivo
502 729 599 777 brachia
610 727 683 776 coelo.

95 801 157 853 Nam
167 840 176 864 ,
187 823 333 872 quamquam
341 805 483 856 ferushostis
492 821 558 866 erat,
571 821 649 855 tamen
656 803 718 855 illud
726 805 754 854 ab
763 821 826 861 uuor
835 813 862 878 85

94 875 221 948 Corpore,
234 888 259 933 δε
276 901 305 933 ex
317 901 363 934 una
372 883 493 949 pendebat·
500 887 592 948 origine
603 884 704 934 bellum.

93 958 165 1010 Nune
183 964 243 1010 mihi
253 997 263 1022 ,
272 961 321 1028 qui
332 977 411 1012 toturn
423 961 514 1012 Nereus
523 965 684 1012 circumtonat
694 963 779 1012 orbem
787 995 797 1024 ‚

94 1037 244 1090 Perdendum
257 1042 360 1090 mortale
372 1057 460 1106 genus:
473 1059 513 1106 per
524 1041 624 1091 flumina
637 1045 692 1107 juro

94 1113 188 1175 lustra,
204 1119 247 1166 sub
264 1133 336 1167 tetras
351 1121 436 1182 Stygio
447 1119 553 1168 labentia
564 1119 639 1178 luco,

97 1191 192 1242 Cunita
201 1195 266 1257 priris
277 1209 368 1243 tentata
378 1214 385 1242 ·.
398 1194 439 1243 sed
449 1194 627 1243 immedicabile
641 1193 727 1244 vulnus
821 1216 867 1263 ¹90

98 1269 161 1320 Ense
173 1269 344 1326 recidendum,
362 1288 393 1321 ne
403 1289 456 1337 pars
467 1276 555 1322 sincera
567 1275 679 1322 trabatur.

98 1349 159 1398 Sunt
169 1353 229 1398 mibi
239 1348 342 1399 Semidei
353 1385 362 1409 ,
373 1351 429 1399 sunt
435 1385 443 1411 ,
454 1351 538 1400 rustica
548 1354 664 1410 numina,
678 1348 799 1417 Nympbae

96 1428 233 1495 Faunique,
246 1430 386 1494 Satyrique,
400 1433 425 1478 δι
435 1428 576 1478 monticolae
585 1429 689 1479 Silvani:

95 1506 161 1566 Quos
175 1509 291 1572 quoniam
302 1506 359 1557 coeli
378 1506 488 1556 nondum
499 1506 626 1572 dignantur
639 1510 747 1570 honoro,

95 1584 158 1646 Quas
171 1583 300 1640 dedimus,
319 1583 382 1635 certd
397 1600 469 1634 terras
481 1587 588 1635 habitare
599 1589 713 1636 sinamus.
818 1602 861 1646 ¹95

92 1664 131 1713 An
142 1665 213 1723 satis,
226 1661 256 1712 b!
271 1664 369 1727 Superi,
381 1677 445 1712 tutos
458 1663 510 1712 fore
520 1662 617 1712 creditis
626 1663 683 1713 illos
690 1699 699 1724 ,

93 1740 161 1792 Cum
177 1744 252 1801 mihi,
266 1744 309 1806 qui
319 1740 427 1802 fulmen,
439 1743 481 1807 qui
489 1759 534 1792 vos
545 1744 670 1808 habeoque
679 1757 803 1808 regeque,

93 1821 213 1870 struxerit
228 1817 342 1878 insidias,
358 1834 429 1868 notus
443 1819 552 1880 feritate,
568 1819 685 1881 Lycaon?

93 1897 273 1947 Confremuere
285 1911 370 1944 omnes
380 1913 387 1943 e
398 1893 526 1960 studiisque
537 1894 673 1946 ardentibus
685 1900 767 1946 ausum

92 1975 163 2024 Talia
175 1972 319 2038 deposcunt.
331 1974 383 2033 Sic,
399 1972 455 2021 crim
468 1988 554 2022 manus
564 1975 639 2036 impia
649 1974 715 2022 savit
818 1997 865 2030 200

92 2055 211 2118 Sanguine
227 2051 339 2102 Caesareo
355 2052 494 2100 Romanum
511 2052 648 2114 extinguere
661 2065 767 2112 nornen,

92 2133 232 2181 Attonitum
243 2145 315 2179 tantae
326 2130 405 2178 subito
422 2143 512 2176 terrore
525 2120 596 2178 ruinae

92 2209 234 2260 Humanum
248 2224 322 2274 genus
336 2207 384 2266 esta
400 2221 510 2272 totusque
519 2208 654 2272 perhorruit
665 2208 729 2258 orbis
739 2227 746 2257 e

15 2297 17 2302 '
92 2287 146 2338 Nec
158 2290 203 2336 ribi
220 2301 288 2352 grata
299 2285 377 2334 minus
386 2287 477 2350 pietas,
496 2285 615 2350 Auguste,
629 2301 738 2340 tuorum,

93 2365 178 2427 Qudnr
196 2365 242 2413 fuit
251 2363 293 2412 illa
302 2363 365 2413 Jovi.
378 2363 425 2424 Qui
437 2363 489 2428 post
502 2362 577 2429 quim
587 2379 647 2413 voce
658 2379 777 2428 manuque
812 2381 857 2427 ²05

93 2444 222 2493 Murmura
233 2445 386 2506 compressit,
404 2456 499 2490 tenuere
512 2441 605 2490 silentia
618 2444 704 2490 cundi.

94 2522 203 2571 Substitit
214 2535 242 2569 ut
260 2521 352 2569 clamor
365 2517 452 2584 press'ua
467 2523 582 2584 gravitate
595 2523 711 2584 regentia;

92 2599 106 2648 J
108 2603 202 2664 uppiter
214 2601 261 2647 hoc
272 2601 360 2647 iterum
370 2599 477 2646 sermone
491 2597 585 2647 silentia
595 2602 693 2662 rumpit.

92 2677 139 2728 Ille
154 2675 252 2742 quidem
264 2693 346 2742 poenas
357 2711 365 2736 ,
377 2693 457 2726 curam
469 2677 529 2725 hane
547 2674 680 2735 dimittite,
692 2674 779 2724 solvit:

93 2755 169 2816 Quod
181 2771 261 2805 tamen
272 2752 415 2816 admiiium,
425 2771 478 2820 quae
489 2757 520 2804 sit
530 2752 651 2814 vindicta,
667 2751 770 2802 docebo.
817 2768 864 2803 κιο
882 2787 885 2795 s

93 2832 240 2898 Contigerat
250 2833 340 2882 nostras
351 2833 451 2882 infamia
462 2835 576 2898 temporis
585 2848 665 2882 aures:

94 2909 179 2974 Quam
195 2915 290 2978 cupiens
302 2911 405 2978 farsam,
419 2913 513 2964 summo
523 2901 623 2962 debebat
634 2911 759 3038 OlyAmpo·

706 3002 722 3036 v
