<?xml version="1.0" encoding="UTF-8"?>
<!DOCTYPE html PUBLIC "-//W3C//DTD XHTML 1.0 Transitional//EN"
    "http://www.w3.org/TR/xhtml1/DTD/xhtml1-transitional.dtd">
<html xmlns="http://www.w3.org/1999/xhtml" xml:lang="en" lang="en">
 <head>
  <title>
</title>
<meta http-equiv="Content-Type" content="text/html;charset=utf-8" />
  <meta name='ocr-system' content='tesseract 3.04.00' />
  <meta name='ocr-capabilities' content='ocr_page ocr_carea ocr_par ocr_line ocrx_word'/>
</head>
<body>
  <div class='ocr_page' id='page_1' title='image "./povidiinasoniso06ovidgoog_0085.png"; bbox 0 0 2056 3706; ppageno 0'>
   <div class='ocr_carea' id='block_1_1' title="bbox 233 211 855 298">
    <p class='ocr_par' dir='ltr' id='par_1_1' title="bbox 233 211 855 298">
     <span class='ocr_line' id='line_1_1' title="bbox 233 211 855 298; baseline 0.013 -22"><span class='ocrx_word' id='word_1_1' title='bbox 233 220 281 298; x_wconf 78' lang='lat'>75</span> <span class='ocrx_word' id='word_1_2' title='bbox 380 211 425 282; x_wconf 87' lang='lat' dir='ltr'>P.</span> <span class='ocrx_word' id='word_1_3' title='bbox 463 213 622 280; x_wconf 74' lang='lat' dir='ltr'>Orrnrt</span> <span class='ocrx_word' id='word_1_4' title='bbox 655 215 855 284; x_wconf 64' lang='lat' dir='ltr'>Nasonis</span> 
     </span>
    </p>
   </div>
   <div class='ocr_carea' id='block_1_2' title="bbox 162 331 955 2979">
    <p class='ocr_par' dir='ltr' id='par_1_2' title="bbox 231 331 731 399">
     <span class='ocr_line' id='line_1_2' title="bbox 231 331 731 399; baseline 0.006 -16"><span class='ocrx_word' id='word_1_5' title='bbox 231 331 262 383; x_wconf 77' lang='lat' dir='ltr'>Et</span> <span class='ocrx_word' id='word_1_6' title='bbox 273 351 328 382; x_wconf 89' lang='lat' dir='ltr'>cnm</span> <span class='ocrx_word' id='word_1_7' title='bbox 340 333 426 383; x_wconf 71' lang='lat' dir='ltr'>lxnaeo</span> <span class='ocrx_word' id='word_1_8' title='bbox 437 335 537 399; x_wconf 81' lang='lat' dir='ltr'>genialis</span> <span class='ocrx_word' id='word_1_9' title='bbox 546 340 653 384; x_wconf 87' lang='lat' dir='ltr'>consitor</span> <span class='ocrx_word' id='word_1_10' title='bbox 662 353 731 394; x_wconf 72' lang='lat' dir='ltr'>uve,</span> 
     </span>
    </p>

    <p class='ocr_par' dir='ltr' id='par_1_3' title="bbox 184 411 955 790">
     <span class='ocr_line' id='line_1_3' title="bbox 184 411 955 478; baseline 0.006 -18"><span class='ocrx_word' id='word_1_11' title='bbox 184 431 209 474; x_wconf 83' lang='lat'>¹5</span> <span class='ocrx_word' id='word_1_12' title='bbox 230 412 414 477; x_wconf 64' lang='lat' dir='ltr'>NyCleliusque,</span> <span class='ocrx_word' id='word_1_13' title='bbox 423 411 668 478; x_wconf 77' lang='lat' dir='ltr'>Eleleusqueperens,</span> <span class='ocrx_word' id='word_1_14' title='bbox 676 420 701 464; x_wconf 68' lang='grc' dir='ltr'>δι</span> <span class='ocrx_word' id='word_1_15' title='bbox 711 416 808 464; x_wconf 78' lang='lat' dir='ltr'>laeelats</span> <span class='ocrx_word' id='word_1_16' title='bbox 814 449 824 474; x_wconf 92' lang='lat'>,</span> <span class='ocrx_word' id='word_1_17' title='bbox 832 419 859 464; x_wconf 72' lang='lat' dir='ltr'>bt</span> <span class='ocrx_word' id='word_1_18' title='bbox 868 415 939 465; x_wconf 71' lang='lat' dir='ltr'>Euan</span> <span class='ocrx_word' id='word_1_19' title='bbox 945 434 955 474; x_wconf 79' lang='lat'>3</span> 
     </span>
     <span class='ocr_line' id='line_1_4' title="bbox 231 489 801 557; baseline 0.007 -20"><span class='ocrx_word' id='word_1_20' title='bbox 231 489 260 538; x_wconf 83' lang='lat' dir='ltr'>Et</span> <span class='ocrx_word' id='word_1_21' title='bbox 270 505 324 556; x_wconf 71' lang='lat' dir='ltr'>qna</span> <span class='ocrx_word' id='word_1_22' title='bbox 334 505 445 554; x_wconf 73' lang='lat' dir='ltr'>preterea</span> <span class='ocrx_word' id='word_1_23' title='bbox 456 507 498 554; x_wconf 88' lang='lat' dir='ltr'>per</span> <span class='ocrx_word' id='word_1_24' title='bbox 507 491 592 553; x_wconf 69' lang='lat' dir='ltr'>Graias</span> <span class='ocrx_word' id='word_1_25' title='bbox 602 493 706 556; x_wconf 78' lang='lat' dir='ltr'>plurima</span> <span class='ocrx_word' id='word_1_26' title='bbox 717 509 801 557; x_wconf 73' lang='lat' dir='ltr'>gentes</span> 
     </span>
     <span class='ocr_line' id='line_1_5' title="bbox 229 569 951 637; baseline 0.008 -21"><span class='ocrx_word' id='word_1_27' title='bbox 229 569 523 627; x_wconf 75' lang='lat' dir='ltr'>Nomina‚liber,h2bes.</span> <span class='ocrx_word' id='word_1_28' title='bbox 531 569 951 637; x_wconf 76' lang='lat' dir='ltr'>Tibienimintonsnmrajnventas3</span> 
     </span>
     <span class='ocr_line' id='line_1_6' title="bbox 228 646 757 712; baseline 0.006 -18"><span class='ocrx_word' id='word_1_29' title='bbox 228 647 267 695; x_wconf 89' lang='lat' dir='ltr'>Tu</span> <span class='ocrx_word' id='word_1_30' title='bbox 277 663 335 712; x_wconf 87' lang='lat' dir='ltr'>puer</span> <span class='ocrx_word' id='word_1_31' title='bbox 344 661 461 706; x_wconf 71' lang='lat' dir='ltr'>eternus,</span> <span class='ocrx_word' id='word_1_32' title='bbox 472 663 498 696; x_wconf 90' lang='lat' dir='ltr'>ru</span> <span class='ocrx_word' id='word_1_33' title='bbox 510 646 695 696; x_wconf 77' lang='lat' dir='ltr'>formosissimus</span> <span class='ocrx_word' id='word_1_34' title='bbox 705 649 757 697; x_wconf 81' lang='lat' dir='ltr'>alto</span> 
     </span>
     <span class='ocr_line' id='line_1_7' title="bbox 226 725 894 790; baseline 0.001 -15"><span class='ocrx_word' id='word_1_35' title='bbox 226 725 381 790; x_wconf 91' lang='lat' dir='ltr'>Conspiceris</span> <span class='ocrx_word' id='word_1_36' title='bbox 390 725 471 775; x_wconf 84' lang='lat' dir='ltr'>ctelo:</span> <span class='ocrx_word' id='word_1_37' title='bbox 485 727 547 783; x_wconf 85' lang='lat' dir='ltr'>tibi,</span> <span class='ocrx_word' id='word_1_38' title='bbox 559 725 615 773; x_wconf 80' lang='lat' dir='ltr'>crim</span> <span class='ocrx_word' id='word_1_39' title='bbox 626 729 676 774; x_wconf 89' lang='lat' dir='ltr'>sine</span> <span class='ocrx_word' id='word_1_40' title='bbox 687 727 800 775; x_wconf 76' lang='lat' dir='ltr'>comibus</span> <span class='ocrx_word' id='word_1_41' title='bbox 814 729 875 776; x_wconf 75' lang='lat' dir='ltr'>allas</span> <span class='ocrx_word' id='word_1_42' title='bbox 883 762 894 783; x_wconf 89' lang='lat'><em>,</em></span> 
     </span>
    </p>

    <p class='ocr_par' dir='ltr' id='par_1_4' title="bbox 176 803 900 946">
     <span class='ocr_line' id='line_1_8' title="bbox 176 803 900 870; baseline 0.006 -20"><span class='ocrx_word' id='word_1_43' title='bbox 176 811 207 842; x_wconf 80' lang='lat'>²0</span> <span class='ocrx_word' id='word_1_44' title='bbox 225 805 365 869; x_wconf 73' lang='lat' dir='ltr'>virgineum</span> <span class='ocrx_word' id='word_1_45' title='bbox 376 819 449 868; x_wconf 88' lang='lat' dir='ltr'>caput</span> <span class='ocrx_word' id='word_1_46' title='bbox 459 804 492 852; x_wconf 84' lang='lat' dir='ltr'>esi</span> <span class='ocrx_word' id='word_1_47' title='bbox 503 821 509 850; x_wconf 82' lang='lat' dir='ltr'>r</span> <span class='ocrx_word' id='word_1_48' title='bbox 521 804 607 852; x_wconf 82' lang='lat' dir='ltr'>Oriens</span> <span class='ocrx_word' id='word_1_49' title='bbox 617 805 662 851; x_wconf 87' lang='lat' dir='ltr'>ribi</span> <span class='ocrx_word' id='word_1_50' title='bbox 673 806 765 860; x_wconf 73' lang='lat' dir='ltr'>vilius,</span> <span class='ocrx_word' id='word_1_51' title='bbox 776 803 809 853; x_wconf 86' lang='lat' dir='ltr'>ad</span> <span class='ocrx_word' id='word_1_52' title='bbox 820 821 900 870; x_wconf 86' lang='lat' dir='ltr'>usque</span> 
     </span>
     <span class='ocr_line' id='line_1_9' title="bbox 223 879 810 946; baseline 0 -15"><span class='ocrx_word' id='word_1_53' title='bbox 223 881 332 931; x_wconf 85' lang='lat' dir='ltr'>Decolor</span> <span class='ocrx_word' id='word_1_54' title='bbox 341 897 449 930; x_wconf 85' lang='lat' dir='ltr'>extremo</span> <span class='ocrx_word' id='word_1_55' title='bbox 464 881 513 946; x_wconf 85' lang='lat' dir='ltr'>qual</span> <span class='ocrx_word' id='word_1_56' title='bbox 523 884 629 944; x_wconf 81' lang='lat' dir='ltr'>cingitur</span> <span class='ocrx_word' id='word_1_57' title='bbox 638 879 707 930; x_wconf 81' lang='lat' dir='ltr'>ludia</span> <span class='ocrx_word' id='word_1_58' title='bbox 718 882 810 945; x_wconf 82' lang='lat' dir='ltr'>Gange.</span> 
     </span>
    </p>

    <p class='ocr_par' dir='ltr' id='par_1_5' title="bbox 222 956 945 1182">
     <span class='ocr_line' id='line_1_10' title="bbox 224 956 945 1026; baseline 0.003 -18"><span class='ocrx_word' id='word_1_59' title='bbox 224 961 328 1008; x_wconf 85' lang='lat' dir='ltr'>Penthea</span> <span class='ocrx_word' id='word_1_60' title='bbox 338 974 364 1008; x_wconf 87' lang='lat' dir='ltr'>tu</span> <span class='ocrx_word' id='word_1_61' title='bbox 375 956 543 1018; x_wconf 71' lang='lat' dir='ltr'>¹venerande,</span> <span class='ocrx_word' id='word_1_62' title='bbox 553 958 776 1026; x_wconf 78' lang='lat' dir='ltr'>bipenniferumque</span> <span class='ocrx_word' id='word_1_63' title='bbox 785 961 926 1026; x_wconf 77' lang='lat' dir='ltr'>Lycurgum</span> <span class='ocrx_word' id='word_1_64' title='bbox 937 997 945 1021; x_wconf 91' lang='lat'>‚</span> 
     </span>
     <span class='ocr_line' id='line_1_11' title="bbox 223 1037 904 1105; baseline 0.001 -18"><span class='ocrx_word' id='word_1_65' title='bbox 223 1038 354 1103; x_wconf 79' lang='lat' dir='ltr'>Sacrilegos</span> <span class='ocrx_word' id='word_1_66' title='bbox 365 1073 373 1096; x_wconf 92' lang='lat'>,</span> <span class='ocrx_word' id='word_1_67' title='bbox 390 1039 494 1094; x_wconf 70' lang='lat' dir='ltr'>masim</span> <span class='ocrx_word' id='word_1_68' title='bbox 511 1037 683 1100; x_wconf 80' lang='lat' dir='ltr'>Tyrrhenaque</span> <span class='ocrx_word' id='word_1_69' title='bbox 694 1041 770 1088; x_wconf 91' lang='lat' dir='ltr'>mittis</span> <span class='ocrx_word' id='word_1_70' title='bbox 780 1043 807 1088; x_wconf 90' lang='lat' dir='ltr'>in</span> <span class='ocrx_word' id='word_1_71' title='bbox 817 1056 904 1105; x_wconf 80' lang='lat' dir='ltr'>aequor</span> 
     </span>
     <span class='ocr_line' id='line_1_12' title="bbox 222 1115 797 1182; baseline -0.005 -15"><span class='ocrx_word' id='word_1_72' title='bbox 222 1115 341 1182; x_wconf 79' lang='lat' dir='ltr'>Corpora.</span> <span class='ocrx_word' id='word_1_73' title='bbox 353 1117 391 1165; x_wconf 91' lang='lat' dir='ltr'>Tu</span> <span class='ocrx_word' id='word_1_74' title='bbox 408 1118 517 1180; x_wconf 80' lang='lat' dir='ltr'>bijugum</span> <span class='ocrx_word' id='word_1_75' title='bbox 528 1117 595 1180; x_wconf 72' lang='lat' dir='ltr'>pistis</span> <span class='ocrx_word' id='word_1_76' title='bbox 611 1117 714 1179; x_wconf 81' lang='lat' dir='ltr'>insignia</span> <span class='ocrx_word' id='word_1_77' title='bbox 724 1115 797 1164; x_wconf 83' lang='lat' dir='ltr'>frenis</span> 
     </span>
    </p>

    <p class='ocr_par' dir='ltr' id='par_1_6' title="bbox 173 1193 922 1571">
     <span class='ocr_line' id='line_1_13' title="bbox 173 1193 922 1260; baseline -0.003 -14"><span class='ocrx_word' id='word_1_78' title='bbox 173 1201 200 1246; x_wconf 89' lang='lat'>²5</span> <span class='ocrx_word' id='word_1_79' title='bbox 220 1194 294 1244; x_wconf 87' lang='lat' dir='ltr'>Colla</span> <span class='ocrx_word' id='word_1_80' title='bbox 303 1197 391 1260; x_wconf 84' lang='lat' dir='ltr'>premis</span> <span class='ocrx_word' id='word_1_81' title='bbox 401 1193 500 1254; x_wconf 87' lang='lat' dir='ltr'>lyncum</span> <span class='ocrx_word' id='word_1_82' title='bbox 510 1212 517 1242; x_wconf 91' lang='lat'><strong>:</strong></span> <span class='ocrx_word' id='word_1_83' title='bbox 529 1194 627 1243; x_wconf 77' lang='lat' dir='ltr'>Bacche</span> <span class='ocrx_word' id='word_1_84' title='bbox 637 1195 761 1260; x_wconf 79' lang='lat' dir='ltr'><strong>Satyrique</strong></span> <span class='ocrx_word' id='word_1_85' title='bbox 772 1197 922 1260; x_wconf 83' lang='lat' dir='ltr'>sequuntur;</span> 
     </span>
     <span class='ocr_line' id='line_1_14' title="bbox 220 1271 785 1337; baseline 0.004 -17"><span class='ocrx_word' id='word_1_86' title='bbox 220 1271 315 1337; x_wconf 84' lang='lat' dir='ltr'><strong>Quique</strong></span> <span class='ocrx_word' id='word_1_87' title='bbox 325 1273 394 1319; x_wconf 85' lang='lat' dir='ltr'>senex</span> <span class='ocrx_word' id='word_1_88' title='bbox 405 1271 482 1320; x_wconf 75' lang='lat' dir='ltr'>feruli</span> <span class='ocrx_word' id='word_1_89' title='bbox 493 1273 622 1320; x_wconf 76' lang='lat' dir='ltr'>titubantes</span> <span class='ocrx_word' id='word_1_90' title='bbox 633 1272 711 1320; x_wconf 91' lang='lat' dir='ltr'>ebrius</span> <span class='ocrx_word' id='word_1_91' title='bbox 722 1287 785 1322; x_wconf 83' lang='lat' dir='ltr'>artus</span> 
     </span>
     <span class='ocr_line' id='line_1_15' title="bbox 220 1347 816 1413; baseline 0.002 -15"><span class='ocrx_word' id='word_1_92' title='bbox 220 1349 339 1406; x_wconf 80' lang='lat' dir='ltr'>Sustinet3</span> <span class='ocrx_word' id='word_1_93' title='bbox 355 1353 380 1397; x_wconf 72' lang='lat' dir='ltr'>ot</span> <span class='ocrx_word' id='word_1_94' title='bbox 391 1347 471 1413; x_wconf 83' lang='lat' dir='ltr'>pando</span> <span class='ocrx_word' id='word_1_95' title='bbox 482 1365 532 1397; x_wconf 89' lang='lat' dir='ltr'>non</span> <span class='ocrx_word' id='word_1_96' title='bbox 542 1347 638 1397; x_wconf 84' lang='lat' dir='ltr'>fortiter</span> <span class='ocrx_word' id='word_1_97' title='bbox 648 1351 722 1398; x_wconf 72' lang='lat' dir='ltr'>heret</span> <span class='ocrx_word' id='word_1_98' title='bbox 733 1349 816 1399; x_wconf 88' lang='lat' dir='ltr'>asello.</span> 
     </span>
     <span class='ocr_line' id='line_1_16' title="bbox 219 1423 878 1493; baseline 0.006 -17"><span class='ocrx_word' id='word_1_99' title='bbox 219 1428 376 1493; x_wconf 80' lang='lat' dir='ltr'>Quacumque</span> <span class='ocrx_word' id='word_1_100' title='bbox 386 1423 531 1492; x_wconf 79' lang='lat' dir='ltr'>ingrederis,</span> <span class='ocrx_word' id='word_1_101' title='bbox 546 1427 638 1476; x_wconf 84' lang='lat' dir='ltr'>clamor</span> <span class='ocrx_word' id='word_1_102' title='bbox 649 1428 776 1492; x_wconf 78' lang='lat' dir='ltr'>juvenilis,</span> <span class='ocrx_word' id='word_1_103' title='bbox 789 1433 814 1477; x_wconf 74' lang='lat' dir='ltr'>bt</span> <span class='ocrx_word' id='word_1_104' title='bbox 827 1430 878 1480; x_wconf 67' lang='lat' dir='ltr'>uni</span> 
     </span>
     <span class='ocr_line' id='line_1_17' title="bbox 218 1504 839 1571; baseline 0.002 -18"><span class='ocrx_word' id='word_1_105' title='bbox 218 1505 335 1556; x_wconf 75' lang='lat' dir='ltr'>feminee</span> <span class='ocrx_word' id='word_1_106' title='bbox 345 1521 433 1564; x_wconf 86' lang='lat' dir='ltr'>voces,</span> <span class='ocrx_word' id='word_1_107' title='bbox 445 1504 595 1570; x_wconf 83' lang='lat' dir='ltr'>impulsaque</span> <span class='ocrx_word' id='word_1_108' title='bbox 610 1520 724 1570; x_wconf 83' lang='lat' dir='ltr'>tympana</span> <span class='ocrx_word' id='word_1_109' title='bbox 735 1506 821 1571; x_wconf 79' lang='lat' dir='ltr'>palmis</span> <span class='ocrx_word' id='word_1_110' title='bbox 832 1543 839 1565; x_wconf 92' lang='lat'><strong>‚</strong></span> 
     </span>
    </p>

    <p class='ocr_par' dir='ltr' id='par_1_7' title="bbox 171 1581 915 1962">
     <span class='ocr_line' id='line_1_18' title="bbox 171 1581 915 1650; baseline -0.001 -14"><span class='ocrx_word' id='word_1_111' title='bbox 171 1591 200 1636; x_wconf 78' lang='lat'>30</span> <span class='ocrx_word' id='word_1_112' title='bbox 219 1581 379 1650; x_wconf 78' lang='lat' dir='ltr'>Concavaquc</span> <span class='ocrx_word' id='word_1_113' title='bbox 391 1599 437 1632; x_wconf 73' lang='lat' dir='ltr'>eta</span> <span class='ocrx_word' id='word_1_114' title='bbox 448 1583 551 1644; x_wconf 82' lang='lat' dir='ltr'>sonant,</span> <span class='ocrx_word' id='word_1_115' title='bbox 564 1583 687 1650; x_wconf 75' lang='lat' dir='ltr'>longoque</span> <span class='ocrx_word' id='word_1_116' title='bbox 698 1583 818 1633; x_wconf 78' lang='lat' dir='ltr'>foramine</span> <span class='ocrx_word' id='word_1_117' title='bbox 829 1591 915 1635; x_wconf 82' lang='lat' dir='ltr'>buxus.</span> 
     </span>
     <span class='ocr_line' id='line_1_19' title="bbox 218 1661 815 1727; baseline -0.002 -16"><span class='ocrx_word' id='word_1_118' title='bbox 218 1664 316 1711; x_wconf 74' lang='lat' dir='ltr'>Pacatus</span> <span class='ocrx_word' id='word_1_119' title='bbox 327 1665 458 1727; x_wconf 87' lang='lat' dir='ltr'>mitisque,</span> <span class='ocrx_word' id='word_1_120' title='bbox 473 1677 560 1727; x_wconf 82' lang='lat' dir='ltr'>rogant</span> <span class='ocrx_word' id='word_1_121' title='bbox 572 1661 719 1721; x_wconf 82' lang='lat' dir='ltr'>Ismenides,</span> <span class='ocrx_word' id='word_1_122' title='bbox 737 1663 815 1720; x_wconf 81' lang='lat' dir='ltr'>adsis3</span> 
     </span>
     <span class='ocr_line' id='line_1_20' title="bbox 216 1737 822 1806; baseline 0.002 -18"><span class='ocrx_word' id='word_1_123' title='bbox 216 1737 326 1806; x_wconf 81' lang='lat' dir='ltr'>Jusl&#39;nque</span> <span class='ocrx_word' id='word_1_124' title='bbox 339 1743 402 1789; x_wconf 76' lang='lat' dir='ltr'>sacra</span> <span class='ocrx_word' id='word_1_125' title='bbox 414 1740 508 1790; x_wconf 86' lang='lat' dir='ltr'>colunt.</span> <span class='ocrx_word' id='word_1_126' title='bbox 519 1740 580 1790; x_wconf 73' lang='lat' dir='ltr'>Sole</span> <span class='ocrx_word' id='word_1_127' title='bbox 591 1739 727 1806; x_wconf 81' lang='lat' dir='ltr'>Minyeides</span> <span class='ocrx_word' id='word_1_128' title='bbox 738 1743 802 1789; x_wconf 90' lang='lat' dir='ltr'>intus</span> <span class='ocrx_word' id='word_1_129' title='bbox 812 1775 822 1802; x_wconf 88' lang='lat'>,</span> 
     </span>
     <span class='ocr_line' id='line_1_21' title="bbox 217 1817 726 1884; baseline 0 -17"><span class='ocrx_word' id='word_1_130' title='bbox 217 1817 384 1884; x_wconf 66' lang='lat' dir='ltr'>Intempestiui</span> <span class='ocrx_word' id='word_1_131' title='bbox 395 1819 516 1867; x_wconf 87' lang='lat' dir='ltr'>turbantes</span> <span class='ocrx_word' id='word_1_132' title='bbox 529 1817 584 1867; x_wconf 80' lang='lat' dir='ltr'>festa</span> <span class='ocrx_word' id='word_1_133' title='bbox 596 1817 726 1878; x_wconf 70' lang='lat' dir='ltr'>Mummi,</span> 
     </span>
     <span class='ocr_line' id='line_1_22' title="bbox 215 1895 841 1962; baseline -0.002 -16"><span class='ocrx_word' id='word_1_134' title='bbox 215 1897 264 1946; x_wconf 84' lang='lat' dir='ltr'>llut</span> <span class='ocrx_word' id='word_1_135' title='bbox 273 1895 364 1947; x_wconf 91' lang='lat' dir='ltr'>ducunt</span> <span class='ocrx_word' id='word_1_136' title='bbox 375 1897 456 1957; x_wconf 80' lang='lat' dir='ltr'>lanas,</span> <span class='ocrx_word' id='word_1_137' title='bbox 469 1913 509 1946; x_wconf 83' lang='lat' dir='ltr'>aut</span> <span class='ocrx_word' id='word_1_138' title='bbox 521 1897 619 1948; x_wconf 81' lang='lat' dir='ltr'>stamina</span> <span class='ocrx_word' id='word_1_139' title='bbox 629 1897 718 1962; x_wconf 78' lang='lat' dir='ltr'>pollice</span> <span class='ocrx_word' id='word_1_140' title='bbox 728 1898 841 1958; x_wconf 83' lang='lat' dir='ltr'>versant,</span> 
     </span>
    </p>

    <p class='ocr_par' dir='ltr' id='par_1_8' title="bbox 168 1963 843 2041">
     <span class='ocr_line' id='line_1_23' title="bbox 168 1963 843 2041; baseline 0 -17"><span class='ocrx_word' id='word_1_141' title='bbox 168 1963 193 2025; x_wconf 73' lang='lat' dir='ltr'>lt</span> <span class='ocrx_word' id='word_1_142' title='bbox 214 1975 261 2026; x_wconf 80' lang='lat' dir='ltr'>Aut</span> <span class='ocrx_word' id='word_1_143' title='bbox 271 1978 361 2027; x_wconf 83' lang='lat' dir='ltr'>herent</span> <span class='ocrx_word' id='word_1_144' title='bbox 372 1977 439 2035; x_wconf 68' lang='lat' dir='ltr'>telae,</span> <span class='ocrx_word' id='word_1_145' title='bbox 455 1976 603 2040; x_wconf 76' lang='lat' dir='ltr'>famulasque</span> <span class='ocrx_word' id='word_1_146' title='bbox 614 1975 735 2024; x_wconf 79' lang='lat' dir='ltr'>laboribus</span> <span class='ocrx_word' id='word_1_147' title='bbox 747 1991 843 2041; x_wconf 78' lang='lat' dir='ltr'>urgent.</span> 
     </span>
    </p>

    <p class='ocr_par' dir='ltr' id='par_1_9' title="bbox 214 2051 779 2121">
     <span class='ocr_line' id='line_1_24' title="bbox 214 2051 779 2121; baseline 0 -18"><span class='ocrx_word' id='word_1_148' title='bbox 214 2055 234 2103; x_wconf 89' lang='lat' dir='ltr'><strong>E</strong></span> <span class='ocrx_word' id='word_1_149' title='bbox 245 2057 330 2121; x_wconf 88' lang='lat' dir='ltr'>quibus</span> <span class='ocrx_word' id='word_1_150' title='bbox 344 2071 391 2104; x_wconf 80' lang='lat' dir='ltr'>une</span> <span class='ocrx_word' id='word_1_151' title='bbox 406 2053 453 2103; x_wconf 85' lang='lat' dir='ltr'>levi</span> <span class='ocrx_word' id='word_1_152' title='bbox 463 2051 583 2103; x_wconf 82' lang='lat' dir='ltr'>deducens</span> <span class='ocrx_word' id='word_1_153' title='bbox 593 2053 681 2117; x_wconf 86' lang='lat' dir='ltr'>pollice</span> <span class='ocrx_word' id='word_1_154' title='bbox 693 2053 779 2112; x_wconf 78' lang='lat' dir='ltr'>filum3</span> 
     </span>
    </p>

    <p class='ocr_par' dir='ltr' id='par_1_10' title="bbox 212 2130 932 2354">
     <span class='ocr_line' id='line_1_25' title="bbox 214 2130 918 2200; baseline 0.007 -19"><span class='ocrx_word' id='word_1_155' title='bbox 214 2131 281 2181; x_wconf 87' lang='lat' dir='ltr'>Dum</span> <span class='ocrx_word' id='word_1_156' title='bbox 292 2130 381 2182; x_wconf 76' lang='lat' dir='ltr'>cessant</span> <span class='ocrx_word' id='word_1_157' title='bbox 390 2131 444 2182; x_wconf 79' lang='lat' dir='ltr'>alie</span> <span class='ocrx_word' id='word_1_158' title='bbox 454 2165 462 2190; x_wconf 91' lang='lat'>‚</span> <span class='ocrx_word' id='word_1_159' title='bbox 474 2147 658 2196; x_wconf 79' lang='lat' dir='ltr'>commentaque</span> <span class='ocrx_word' id='word_1_160' title='bbox 671 2134 736 2182; x_wconf 83' lang='lat' dir='ltr'>sacra</span> <span class='ocrx_word' id='word_1_161' title='bbox 747 2133 918 2200; x_wconf 80' lang='lat' dir='ltr'>frequentant,</span> 
     </span>
     <span class='ocr_line' id='line_1_26' title="bbox 214 2208 932 2280; baseline 0 -18"><span class='ocrx_word' id='word_1_162' title='bbox 214 2211 265 2262; x_wconf 83' lang='lat' dir='ltr'>Nos</span> <span class='ocrx_word' id='word_1_163' title='bbox 274 2225 370 2277; x_wconf 84' lang='lat' dir='ltr'>quoquo</span> <span class='ocrx_word' id='word_1_164' title='bbox 378 2243 385 2269; x_wconf 92' lang='lat'>,</span> <span class='ocrx_word' id='word_1_165' title='bbox 394 2223 451 2274; x_wconf 79' lang='lat' dir='ltr'>quas</span> <span class='ocrx_word' id='word_1_166' title='bbox 460 2208 550 2262; x_wconf 79' lang='lat' dir='ltr'>Pallas,</span> <span class='ocrx_word' id='word_1_167' title='bbox 559 2209 645 2258; x_wconf 88' lang='lat' dir='ltr'>melior</span> <span class='ocrx_word' id='word_1_168' title='bbox 652 2211 705 2260; x_wconf 85' lang='lat' dir='ltr'>Dea</span> <span class='ocrx_word' id='word_1_169' title='bbox 713 2209 832 2272; x_wconf 79' lang='lat' dir='ltr'>,detinet,</span> <span class='ocrx_word' id='word_1_170' title='bbox 841 2215 932 2280; x_wconf 87' lang='lat' dir='ltr'>inquit,</span> 
     </span>
     <span class='ocr_line' id='line_1_27' title="bbox 212 2287 806 2354; baseline 0.002 -17"><span class='ocrx_word' id='word_1_171' title='bbox 212 2287 280 2337; x_wconf 90' lang='lat' dir='ltr'>Utile</span> <span class='ocrx_word' id='word_1_172' title='bbox 290 2303 349 2354; x_wconf 91' lang='lat' dir='ltr'>opus</span> <span class='ocrx_word' id='word_1_173' title='bbox 361 2301 475 2336; x_wconf 84' lang='lat' dir='ltr'>manuum</span> <span class='ocrx_word' id='word_1_174' title='bbox 486 2289 554 2336; x_wconf 83' lang='lat' dir='ltr'>vario</span> <span class='ocrx_word' id='word_1_175' title='bbox 566 2289 674 2336; x_wconf 88' lang='lat' dir='ltr'>sermone</span> <span class='ocrx_word' id='word_1_176' title='bbox 685 2288 788 2338; x_wconf 85' lang='lat' dir='ltr'>levemus</span> <span class='ocrx_word' id='word_1_177' title='bbox 798 2307 806 2348; x_wconf 79' lang='lat'>3</span> 
     </span>
    </p>

    <p class='ocr_par' dir='ltr' id='par_1_11' title="bbox 164 2361 884 2744">
     <span class='ocr_line' id='line_1_28' title="bbox 164 2361 871 2434; baseline 0.008 -22"><span class='ocrx_word' id='word_1_178' title='bbox 164 2382 195 2424; x_wconf 81' lang='lat'>40</span> <span class='ocrx_word' id='word_1_179' title='bbox 213 2368 303 2434; x_wconf 84' lang='lat' dir='ltr'>Perque</span> <span class='ocrx_word' id='word_1_180' title='bbox 315 2370 377 2415; x_wconf 87' lang='lat' dir='ltr'>vices</span> <span class='ocrx_word' id='word_1_181' title='bbox 390 2361 499 2430; x_wconf 82' lang='lat' dir='ltr'>aliquid,</span> <span class='ocrx_word' id='word_1_182' title='bbox 513 2361 580 2429; x_wconf 93' lang='lat' dir='ltr'>quod</span> <span class='ocrx_word' id='word_1_183' title='bbox 592 2379 699 2430; x_wconf 81' lang='lat' dir='ltr'>tempora</span> <span class='ocrx_word' id='word_1_184' title='bbox 711 2365 784 2431; x_wconf 79' lang='lat' dir='ltr'>longa</span> <span class='ocrx_word' id='word_1_185' title='bbox 793 2366 871 2418; x_wconf 87' lang='lat' dir='ltr'>videri</span> 
     </span>
     <span class='ocr_line' id='line_1_29' title="bbox 212 2439 884 2502; baseline 0 -7"><span class='ocrx_word' id='word_1_186' title='bbox 212 2443 270 2495; x_wconf 89' lang='lat' dir='ltr'>Non</span> <span class='ocrx_word' id='word_1_187' title='bbox 280 2447 357 2502; x_wconf 79' lang='lat' dir='ltr'>sinat,</span> <span class='ocrx_word' id='word_1_188' title='bbox 375 2445 399 2491; x_wconf 91' lang='lat' dir='ltr'>in</span> <span class='ocrx_word' id='word_1_189' title='bbox 411 2439 518 2492; x_wconf 87' lang='lat' dir='ltr'>medium</span> <span class='ocrx_word' id='word_1_190' title='bbox 529 2457 615 2492; x_wconf 80' lang='lat' dir='ltr'>vacuas</span> <span class='ocrx_word' id='word_1_191' title='bbox 626 2443 756 2494; x_wconf 85' lang='lat' dir='ltr'>referamus</span> <span class='ocrx_word' id='word_1_192' title='bbox 767 2443 797 2494; x_wconf 87' lang='lat' dir='ltr'>ad</span> <span class='ocrx_word' id='word_1_193' title='bbox 808 2463 884 2498; x_wconf 83' lang='lat' dir='ltr'>aures.</span> 
     </span>
     <span class='ocr_line' id='line_1_30' title="bbox 211 2522 880 2588; baseline 0.003 -16"><span class='ocrx_word' id='word_1_194' title='bbox 211 2523 281 2572; x_wconf 76' lang='lat' dir='ltr'>Dius</span> <span class='ocrx_word' id='word_1_195' title='bbox 291 2523 409 2588; x_wconf 70' lang='lat' dir='ltr'>probunt,</span> <span class='ocrx_word' id='word_1_196' title='bbox 421 2522 570 2586; x_wconf 81' lang='lat' dir='ltr'>primamque</span> <span class='ocrx_word' id='word_1_197' title='bbox 581 2522 664 2585; x_wconf 75' lang='lat' dir='ltr'>jubent</span> <span class='ocrx_word' id='word_1_198' title='bbox 675 2537 768 2572; x_wconf 83' lang='lat' dir='ltr'>narrare</span> <span class='ocrx_word' id='word_1_199' title='bbox 778 2525 880 2576; x_wconf 83' lang='lat' dir='ltr'>sorores.</span> 
     </span>
     <span class='ocr_line' id='line_1_31' title="bbox 211 2597 853 2667; baseline 0.002 -16"><span class='ocrx_word' id='word_1_200' title='bbox 211 2601 272 2660; x_wconf 75' lang='lat' dir='ltr'>lllu,</span> <span class='ocrx_word' id='word_1_201' title='bbox 285 2597 342 2667; x_wconf 86' lang='lat' dir='ltr'>quid</span> <span class='ocrx_word' id='word_1_202' title='bbox 353 2615 366 2650; x_wconf 87' lang='lat' dir='ltr'>e</span> <span class='ocrx_word' id='word_1_203' title='bbox 377 2598 461 2648; x_wconf 72' lang='lat' dir='ltr'>miultis</span> <span class='ocrx_word' id='word_1_204' title='bbox 471 2598 572 2653; x_wconf 80' lang='lat' dir='ltr'>celerat.</span> <span class='ocrx_word' id='word_1_205' title='bbox 584 2615 640 2648; x_wconf 85' lang='lat' dir='ltr'>nam</span> <span class='ocrx_word' id='word_1_206' title='bbox 653 2600 756 2664; x_wconf 76' lang='lat' dir='ltr'>plurima</span> <span class='ocrx_word' id='word_1_207' title='bbox 766 2618 853 2663; x_wconf 82' lang='lat' dir='ltr'>notat,</span> 
     </span>
     <span class='ocr_line' id='line_1_32' title="bbox 211 2674 883 2744; baseline 0.004 -15"><span class='ocrx_word' id='word_1_208' title='bbox 211 2677 329 2744; x_wconf 75' lang='lat' dir='ltr'>Cogitat:</span> <span class='ocrx_word' id='word_1_209' title='bbox 343 2681 366 2727; x_wconf 74' lang='lat' dir='ltr'>bt</span> <span class='ocrx_word' id='word_1_210' title='bbox 378 2674 451 2726; x_wconf 77' lang='lat' dir='ltr'>clubia</span> <span class='ocrx_word' id='word_1_211' title='bbox 462 2676 511 2736; x_wconf 87' lang='lat' dir='ltr'>est,</span> <span class='ocrx_word' id='word_1_212' title='bbox 524 2675 554 2724; x_wconf 86' lang='lat' dir='ltr'>de</span> <span class='ocrx_word' id='word_1_213' title='bbox 568 2693 608 2736; x_wconf 88' lang='lat' dir='ltr'>te,</span> <span class='ocrx_word' id='word_1_214' title='bbox 620 2677 772 2740; x_wconf 86' lang='lat' dir='ltr'>Babylonia,</span> <span class='ocrx_word' id='word_1_215' title='bbox 784 2695 883 2744; x_wconf 85' lang='lat' dir='ltr'>narret,</span> 
     </span>
    </p>

    <p class='ocr_par' dir='ltr' id='par_1_12' title="bbox 162 2754 862 2979">
     <span class='ocr_line' id='line_1_33' title="bbox 162 2754 862 2822; baseline 0.003 -16"><span class='ocrx_word' id='word_1_216' title='bbox 162 2767 190 2811; x_wconf 78' lang='lat'>45</span> <span class='ocrx_word' id='word_1_217' title='bbox 210 2757 322 2815; x_wconf 85' lang='lat' dir='ltr'>Derceti,</span> <span class='ocrx_word' id='word_1_218' title='bbox 337 2771 408 2822; x_wconf 81' lang='lat' dir='ltr'>quam</span> <span class='ocrx_word' id='word_1_219' title='bbox 419 2771 501 2808; x_wconf 78' lang='lat' dir='ltr'>verso,</span> <span class='ocrx_word' id='word_1_220' title='bbox 518 2756 622 2819; x_wconf 78' lang='lat' dir='ltr'>squamis</span> <span class='ocrx_word' id='word_1_221' title='bbox 631 2754 766 2806; x_wconf 80' lang='lat' dir='ltr'>velantibus</span> <span class='ocrx_word' id='word_1_222' title='bbox 779 2773 862 2822; x_wconf 84' lang='lat' dir='ltr'>artus,</span> 
     </span>
     <span class='ocr_line' id='line_1_34' title="bbox 211 2830 782 2900; baseline 0.002 -16"><span class='ocrx_word' id='word_1_223' title='bbox 211 2837 297 2900; x_wconf 66' lang='lat' dir='ltr'>Stagna</span> <span class='ocrx_word' id='word_1_224' title='bbox 308 2833 423 2882; x_wconf 78' lang='lat' dir='ltr'>Palestinl</span> <span class='ocrx_word' id='word_1_225' title='bbox 434 2830 534 2882; x_wconf 87' lang='lat' dir='ltr'>credunt</span> <span class='ocrx_word' id='word_1_226' title='bbox 544 2831 672 2882; x_wconf 76' lang='lat' dir='ltr'>celebrasse</span> <span class='ocrx_word' id='word_1_227' title='bbox 685 2832 760 2898; x_wconf 74' lang='lat' dir='ltr'>figuti</span> <span class='ocrx_word' id='word_1_228' title='bbox 772 2852 782 2893; x_wconf 75' lang='lat' dir='ltr'>i</span> 
     </span>
     <span class='ocr_line' id='line_1_35' title="bbox 211 2908 785 2979; baseline -0.005 -17"><span class='ocrx_word' id='word_1_229' title='bbox 211 2917 247 2964; x_wconf 78' lang='lat' dir='ltr'>An</span> <span class='ocrx_word' id='word_1_230' title='bbox 259 2915 333 2979; x_wconf 79' lang='lat' dir='ltr'>magis</span> <span class='ocrx_word' id='word_1_231' title='bbox 344 2925 371 2960; x_wconf 91' lang='lat' dir='ltr'>ut</span> <span class='ocrx_word' id='word_1_232' title='bbox 380 2912 463 2960; x_wconf 80' lang='lat' dir='ltr'>sumtis</span> <span class='ocrx_word' id='word_1_233' title='bbox 474 2911 538 2959; x_wconf 86' lang='lat' dir='ltr'>illius</span> <span class='ocrx_word' id='word_1_234' title='bbox 553 2908 603 2960; x_wconf 86' lang='lat' dir='ltr'>filia</span> <span class='ocrx_word' id='word_1_235' title='bbox 613 2914 696 2976; x_wconf 86' lang='lat' dir='ltr'>pennis</span> <span class='ocrx_word' id='word_1_236' title='bbox 781 2960 785 2972; x_wconf 61' lang='grc'><strong>,</strong></span> 
     </span>
    </p>
   </div>
   <div class='ocr_carea' id='block_1_3' title="bbox 0 0 1032 3706">
    <p class='ocr_par' dir='ltr' id='par_1_13' title="bbox 0 0 1032 3706">
     <span class='ocr_line' id='line_1_36' title="bbox 0 0 1032 3706; baseline 0 0"><span class='ocrx_word' id='word_1_237' title='bbox 0 0 1032 3706; x_wconf 95' lang='lat' dir='ltr'> </span> 
     </span>
    </p>
   </div>
  </div>
 </body>
</html>
