2056 3706
213 267 257 352 78
350 263 394 332 P.
428 263 584 332 Ovrmr
625 265 825 332 Nasonis

213 384 307 436 Pollera
318 388 447 436 notrumos
459 386 550 437 Aurora
561 401 696 438 removerat
706 389 772 452 ignes
783 422 793 448 ,

214 463 303 530 Solque
314 465 437 529 pruinosas
447 463 519 515 radiis
529 468 659 517 siccaverat
668 468 751 516 herbas
763 483 771 524 i

214 539 253 591 Ad
263 541 363 592 solitum
373 548 453 593 coiere
465 543 557 593 loturn.
569 545 634 594 Tum
646 561 769 594 murmure
778 559 856 611 parvo

215 617 295 670 Multa
305 623 370 685 ptius
380 621 472 688 questi,
488 623 611 682 statuunt,
627 637 654 672 ut
669 625 739 674 nolle
749 622 833 673 silenti

68 743 72 754 ,
170 685 183 732 ⁸
189 703 198 745 5
218 696 310 748 Fallere
320 697 429 750 culloder
440 736 448 763 ,
464 699 603 767 foribusque
614 698 726 751 excedere
736 715 832 752 tentent
842 718 850 760 i

214 774 670 847 Cslmquedomoexietiut,urbirquoq;
680 780 945 846 claustrareliuquauta

215 853 284 906 Neve
297 859 327 906 sit
337 855 465 908 errandum
476 858 527 907 lato
542 859 696 924 spatiantibus
709 875 787 920 arro,

215 931 370 984 Conveniam
382 933 414 984 ad
428 935 494 986 busta
503 935 564 985 Nini
576 954 582 985 s
595 936 732 1003 lateantque
743 937 786 986 sub
797 937 889 986 umbra

214 1010 321 1062 Arboris.
333 1013 412 1062 Arbor
422 1015 476 1069 ibi,
492 1016 569 1064 niveis
583 1017 703 1064 uberrima
714 1018 811 1080 pomis,
833 1019 839 1036 ⁸

163 1095 196 1140 90
214 1086 293 1140 Ardua
304 1107 402 1151 morus,
420 1107 488 1152 erat,
502 1091 585 1158 gelido
598 1096 749 1143 contermina
761 1093 838 1144 fonti.

213 1168 282 1218 Palla
293 1169 407 1234 placent:
419 1173 444 1221 &
455 1168 513 1232 lux3
525 1169 592 1222 tardd
605 1169 720 1222 decedere
733 1173 802 1232 risa,

214 1247 379 1313 Pracipitatur
388 1253 474 1316 aquis,
487 1255 512 1300 bt
522 1253 590 1317 aquis
600 1267 648 1301 nex
661 1252 737 1316 surgit
751 1251 781 1300 ab
794 1248 887 1301 isdem.

215 1321 312 1376 Callida
323 1343 364 1391 per
375 1329 481 1377 tenebras
494 1363 502 1388 ,
517 1331 611 1379 versato
621 1327 734 1390 cardine,
750 1329 843 1380 Thisbe

216 1402 360 1470 Egreditur,
373 1405 484 1472 fallitque
496 1409 550 1457 suos
564 1406 744 1474 :adopertaque
752 1407 870 1466 vultum,

169 1481 196 1523 95
216 1482 326 1533 Pervenit
335 1481 367 1532 ad
377 1485 517 1544 tumulum3
531 1483 641 1552 dibilque
653 1488 694 1535 sub
705 1489 790 1536 arbore
801 1485 874 1538 sedit.

214 1558 337 1610 Audacem
352 1562 454 1613 faciebat
468 1581 546 1614 amor.
559 1565 634 1615 Venit
647 1581 701 1615 ecce
712 1568 803 1615 recenti

199 1687 200 1694 ,
216 1635 290 1690 Crede
302 1639 376 1692 leena
387 1642 462 1692 bourn
472 1643 609 1709 spumantes
622 1644 699 1694 oblita
709 1646 799 1705 ricius,

214 1713 360 1783 Deposituta
372 1721 438 1770 sitim
450 1723 525 1773 vicini
536 1721 610 1772 fontis
620 1725 646 1772 ln
656 1720 730 1772 unda.

217 1795 296 1856 Quam
307 1798 391 1864 procul
405 1796 437 1849 ad
446 1799 520 1849 Lunae
529 1799 609 1850 radios
619 1799 753 1864 Rabyluuia
762 1801 855 1850 Thisbe

170 1872 286 1926 ¹00Vidit
296 1895 302 1926 ι
314 1880 339 1926 &
350 1879 479 1928 obscurum
489 1877 583 1946 trepido
595 1878 654 1945 pede
666 1877 729 1946 lugia
738 1883 765 1930 in
774 1895 890 1940 autrum

216 1951 331 2021 Dumque
346 1955 425 2023 sugit,
437 1973 505 2024 tergo
516 1958 635 2008 velamina
647 1959 711 2023 lapsa
722 1959 847 2025 relinquite

216 2031 251 2082 Ut
262 2031 299 2084 lea
309 2035 369 2086 sava
379 2039 444 2086 sirim
455 2035 533 2086 mulsi
545 2037 694 2101 compescuit
704 2036 789 2096 uudi,

216 2109 284 2161 Durn
295 2111 358 2164 redit
367 2116 392 2164 in
403 2115 488 2170 silvas,
501 2118 611 2164 inventos
622 2112 686 2163 forte
696 2118 745 2166 sine
756 2115 825 2181 ipsa,

217 2189 266 2239 Ore
276 2207 401 2242 cruentato
413 2207 494 2242 tenues
505 2194 604 2242 laniavit
614 2193 721 2243 amictus.
824 2237 825 2244 ,

171 2262 295 2317 misenus
306 2265 409 2333 egrell'us
418 2269 516 2334 vestigia
525 2269 589 2320 vidit
598 2275 623 2320 in
634 2271 685 2322 alto

218 2345 318 2397 Pulvere
329 2363 393 2398 certa
404 2347 460 2398 ferae
471 2383 480 2408 ‚
498 2363 600 2415 totoque
611 2350 727 2416 expalluit
736 2365 778 2400 ore
788 2383 797 2411 ,

217 2423 341 2486 Pyramus.
354 2426 389 2476 Ut
397 2427 456 2478 verd
466 2427 554 2478 vestem
566 2445 663 2495 quoque
674 2431 786 2496 sauguine
798 2431 898 2482 tinstarn

217 2503 349 2570 Repperir3
363 2504 418 2554 Una
429 2503 490 2555 duos
500 2523 565 2566 nox3
581 2509 661 2574 inquit
672 2543 680 2566 ,
695 2504 779 2574 perdet
790 2523 916 2569 amantes3

218 2581 334 2650 Equibus
344 2583 387 2634 illa
401 2583 448 2636 fuit
463 2585 536 2652 longi
554 2585 692 2652 dignissima
706 2587 776 2638 viti:

172 2660 198 2695 ¹¹
204 2661 306 2714 0Nollra
315 2679 404 2713 nocens
414 2667 493 2714 anima
501 2665 541 2714 est.
553 2666 605 2732 Ego
613 2679 651 2727 te,
664 2663 815 2725 miseranda,
829 2670 936 2731 peremi,

192 2738 195 2744 ’
216 2739 245 2790 Ιιι
256 2741 310 2793 loca
323 2741 393 2808 plena
402 2742 481 2793 nretfls
492 2747 533 2810 qui
545 2747 602 2810 lussl
612 2747 681 2794 nobie
692 2748 801 2805 venires3

217 2818 271 2870 Nec
283 2822 348 2886 prior
358 2825 404 2872 buc
415 2825 479 2874 veni.
494 2821 609 2874 Nostrum
625 2822 733 2874 divellite
743 2839 849 2890 corpus,

217 2897 250 2949 Et
260 2899 371 2952 scelerata
381 2901 433 2951 fero
445 2905 579 2953 consumite
587 2903 678 2953 viscera
690 2903 770 2952 morsu
780 2939 788 2962 ‚

219 2977 259 3028 O!
271 2982 416 3050 quicumque
427 2983 470 3032 sub
481 2985 525 3033 hac
537 2983 648 3034 habitatis
659 2997 734 3048 rupe,
749 2981 842 3034 leuues.
