1980 3714
60 265 486 340 MerArromrroseou
498 271 646 341 LXIV.
664 295 701 360 313
712 295 732 374 ς

29 379 103 437 iurior
121 393 145 439 ὃ(
157 389 238 451 ferro,
250 389 318 458 quod
329 391 431 444 Noricus
447 396 560 459 excoquit
574 397 654 460 ignis,

29 469 44 515 :t
55 469 127 527 saxo,
150 467 217 534 quod
233 467 311 520 adhuc
322 470 377 520 vivi
393 469 473 524 radice
492 485 605 530 tenetur,

29 548 109 610 pernis
127 547 151 595 δι
169 543 264 596 irridet:
279 546 393 614 iaiiisque
405 549 539 599 immitibus
553 545 623 598 addit

29 621 94 672 Verba
104 623 202 688 superba
213 621 280 674 ferox
291 642 297 672 z
308 627 332 678 δι
343 626 382 694 spe
392 641 489 697 quoque
497 624 592 674 fraudat
602 639 779 691 amantem.7r5

29 699 74 750 ion
90 700 145 750 tulit
155 703 282 766 impatiens
297 701 364 767 longi
375 717 496 756 tormenta
507 700 598 752 doloris
684 707 686 712 “

29 779 99 844 piris,
112 781 136 828 &c
151 794 205 842 ante
217 779 278 828 fores
290 781 339 828 haec
355 780 426 830 verba
437 783 567 830 novissima
582 779 652 830 dixit.

29 857 99 904 lincis
112 891 120 917 ,
135 856 280 906 Anaxaretes
294 874 371 924 neque
382 872 452 906 erunt
464 859 508 906 tibi
521 855 590 907 taedia
601 857 699 912 tandem

29 933 76 984 Jlla
94 931 190 984 ferenda
200 938 272 986 mihi.
291 935 368 986 Laetos
383 935 470 984 molire
481 937 636 1001 triumphos,

29 1013 48 1062 ir
69 1013 153 1064 Paeana
167 1030 241 1074 voca,
258 1011 383 1080 nitidique
397 1015 517 1078 incingere
529 1013 606 1064 lauro.
737 1032 785 1076 7²⁰

29 1091 101 1140 lincis
113 1095 177 1140 enim
191 1127 200 1152 ,
215 1095 353 1160 moriorque
369 1091 445 1140 libens
454 1111 460 1140 ε
469 1109 512 1162 age
524 1127 533 1152 ‚
546 1092 637 1151 ferrea,
650 1091 736 1157 gaude.
782 1153 790 1162 ⁸

29 1168 91 1220 letti
103 1167 196 1236 aliquid
207 1168 302 1222 laudare
313 1172 361 1224 mei
373 1169 464 1234 cogeris
476 1204 485 1230 ,
504 1173 597 1239 eritque
781 1169 785 1176 '

29 1247 76 1314 2uo
90 1250 133 1297 tibi
151 1251 196 1298 sim
210 1263 290 1314 gratus
302 1267 308 1296 r
321 1251 482 1314 meritumque
495 1247 600 1303 fatebere
611 1249 726 1300 nostrum.

29 1326 78 1375 ion
91 1339 173 1376 tamen
189 1341 244 1378 ante
258 1329 293 1375 tui
305 1342 386 1376 turam
397 1323 488 1374 cessille
499 1341 639 1384 memento,

29 1403 202 1466 luimvitame
219 1403 363 1472 geminique
380 1403 452 1452 simul
465 1405 526 1452 mihi
536 1403 588 1453 luce
599 1401 783 1468 carendumyap

29 1482 73 1530 ,icc
95 1483 139 1532 tibi
155 1483 228 1544 Fama
246 1484 294 1532 mel
310 1497 410 1534 ventura
426 1482 458 1533 est
476 1485 564 1534 nuncia
576 1482 636 1540 leti3

29 1561 73 1626 pse
88 1575 146 1624 ego,
166 1577 197 1610 ne
212 1560 321 1620 dubites,
333 1558 405 1610 adero
418 1578 425 1619 3
438 1562 585 1627 praesensque
595 1559 713 1623 videbor,
783 1552 792 1566 ⁴

29 1638 132 1706 :otpoce
154 1652 181 1687 ut
197 1640 300 1688 exanimi
319 1636 425 1688 crudelia
435 1638 527 1688 lumina
538 1639 626 1704 pascas.

29 1719 46 1766 ii
65 1731 166 1776 tamen,
178 1714 210 1774 ,ul
230 1718 327 1782 Superi,
341 1715 453 1765 mortalia
467 1715 516 1765 fata
526 1713 631 1778 videtis,

29 1793 75 1844 iste
93 1797 141 1844 mei
152 1810 270 1850 memores
282 1811 288 1842 s
298 1791 359 1841 nihil
370 1793 433 1842 ultra
443 1793 524 1857 lingua
536 1797 626 1858 precari
742 1815 791 1860 730

29 1872 139 1931 iustineu
152 1875 177 1922 δι
194 1870 269 1936 longo
287 1870 358 1926 facite
371 1885 398 1922 ur
408 1885 570 1920 memoremur
585 1874 610 1919 in
625 1887 692 1933 aev05

29 1950 74 2010 it,
92 1966 144 2017 qua
161 1948 277 2000 demsistis
286 1951 360 2024 vita,
377 1947 433 1997 dere
446 1962 554 2016 tempora
565 1948 645 2003 fama.

30 2027 112 2076 Dixit:
126 2029 150 2076 dt
166 2025 195 2076 ad
212 2027 289 2094 postes
301 2061 310 2088 ,
322 2039 420 2082 ornatos
431 2025 490 2090 saepe
502 2027 611 2081 coronis,

30 2105 157 2154 Humentes
168 2105 251 2158 oculos
263 2107 288 2160 et
300 2101 390 2168 pallida
400 2103 496 2154 brachia
511 2099 626 2164 tendens,

30 2181 91 2234 :um
111 2181 201 2231 foribus
214 2180 293 2246 laquei
305 2180 416 2246 religaret
426 2179 522 2228 vincula
531 2181 634 2241 summi3
744 2205 789 2250 735

30 2261 83 2310 Haec
105 2260 150 2308 tibi
165 2261 225 2307 serta
239 2258 352 2323 placent,
369 2254 472 2306 crudelis
486 2261 511 2308 δι
522 2261 615 2324 impia?
630 2257 700 2310 dixit.

30 2338 174 2410 inseruitque
189 2351 278 2402 caput,
298 2335 339 2385 sed
354 2351 405 2385 tum
417 2339 602 2403 quoqueversus
615 2336 646 2389 ad
658 2340 742 2404 illam;

30 2418 106 2482 itque
126 2431 186 2465 onus
201 2414 305 2474 infelix,
321 2413 379 2463 elisi
389 2414 470 2474 fauce,
483 2413 606 2480 pependit.

30 2495 75 2545 lua
86 2491 175 2558 pedum
186 2508 255 2543 motu
267 2491 447 2558 trepidantum,
463 2507 490 2542 ut
506 2493 584 2544 multa
593 2511 729 2560 gementem
828 2495 833 2506 '

30 2573 86 2622 Visa
99 2567 188 2620 dedili'e
207 2571 292 2628 sonum
308 2569 355 2630 est,
374 2567 531 2643 adapertaque
541 2575 612 2636 janua
623 2573 712 2624 fanum
745 2592 793 2639 740

30 2647 140 2702 Prodidir
153 2667 159 2698 e
171 2647 304 2706 exclamant
316 2646 401 2696 samnii
414 2666 420 2694 ι
434 2647 564 2714 frustraque
576 2650 681 2700 levatum
693 2685 702 2714 ‚

30 2730 95 2780 Nam
106 2741 172 2792 patet
182 2723 303 2776 occiderat
314 2761 322 2785 ‚
337 2725 442 2774 referunt
451 2724 482 2774 ad
493 2715 578 2774 limina
588 2729 680 2778 matris.

30 2807 124 2871 Accipit
139 2803 182 2854 illa
196 2806 268 2864 sinu,
287 2803 459 2870 complexaque
470 2800 556 2866 frigida
566 2807 618 2853 nati

30 2884 144 2934 Membra
155 2885 189 2932 sui
199 2917 206 2944 ,
218 2881 270 2947 poli
286 2881 360 2947 qudm
371 2882 509 2929 miseratum
520 2882 593 2930 verba
603 2884 728 2948 parentfim

31 2960 133 3024 Edidits
152 2965 293 3050 dimetrum
301 2960 440 3010 miserarum
451 2958 626 3056 faciaperegim
748 3002 762 3046 7
765 3002 793 3049 45
