1980 3714
40 223 471 314 MnrArronrrrosnou
490 238 529 310 L.
547 241 650 310 XIII,
670 263 732 330 311
801 227 803 232 ’

15 365 104 418 Pabula
118 365 251 431 decerpsi,
266 361 410 430 deceptaque
422 360 493 413 dente
508 359 641 411 momordi.

16 445 61 493 Vix
72 445 132 494 bene
145 443 318 493 combiberant
328 445 424 506 ignotos
434 454 532 506 guttura
539 441 637 500 succos,
740 452 784 498 945

17 521 79 572 Ciam
99 519 183 571 subitb
201 517 321 586 trepidare
331 521 395 568 intus
406 515 538 584 praecordia
548 519 608 567 sensi
621 533 629 577 3

17 600 165 665 Alteriusque
182 601 237 664 rapi
249 613 338 647 natura.
347 599 427 662 peetus
439 613 530 646 amore.

18 676 65 726 Nec
73 680 143 742 potui
155 675 245 726 restare
257 675 328 725 loco:
341 672 526 740 Repetendaque
535 690 668 740 numquam

18 755 88 804 Terra
99 789 108 816 ,
118 753 175 806 vale
187 787 197 815 ,
215 751 267 802 dixi
280 772 286 802 a
299 769 432 818 corpusque
443 753 485 800 sub
497 767 593 817 aequora
603 753 684 817 metti.

18 831 50 880 Di
65 835 136 881 maris
147 845 281 896 exceptum
291 832 357 880 socio
366 828 592 896 dignanturhonore
602 847 610 888 ς
741 825 788 877 95⁶

18 909 96 975 thue
106 911 188 969 mihi,
202 923 363 975 quaecumque
375 907 465 968 feram,
484 907 597 956 mortalia
607 903 723 964 demant,

20 987 140 1038 Oceanum
150 987 302 1052 Tethynque
313 1001 406 1052 rogant.
424 985 476 1052 Ego
488 985 573 1035 lustror
581 986 610 1034 ab
621 984 687 1043 illis;

20 1065 68 1124 Et,
80 1080 198 1130 purgante
209 1065 279 1113 nefas
294 1069 376 1115 novies
388 1067 448 1113 mihi
456 1067 561 1113 carmine
570 1061 650 1124 dicio,

20 1141 111 1191 Peiiora
119 1141 266 1192 fluminibus
276 1143 360 1208 jubeor
375 1144 506 1207 supponere
518 1157 626 1191 centum.

22 1218 69 1268 Nec
81 1236 148 1269 mora
160 1239 166 1269 ι
179 1218 282 1272 diversis
293 1219 352 1284 lapsi
362 1218 392 1269 de
406 1219 514 1268 fontibus
523 1235 623 1278 amnes,
742 1228 788 1278 955

23 1295 127 1362 Totaque
137 1312 269 1348 vertuntur
280 1301 349 1364 supra
360 1311 431 1362 caput
446 1313 541 1364 aequora
551 1297 667 1347 nostrum.

23 1371 134 1426 Hauenus
146 1377 199 1426 abta
209 1378 274 1425 mihi
285 1371 380 1442 poffum
392 1375 549 1428 memoranda
559 1375 646 1425 referte
658 1392 665 1433 3

24 1449 134 1502 Hactenus
152 1456 180 1504 δι
197 1457 303 1504 memini
315 1472 322 1502 r
333 1470 378 1503 nec
388 1471 454 1504 mens
463 1471 516 1503 mea
527 1468 604 1504 cetera
614 1455 693 1502 sensit.

25 1527 79 1587 Quae
90 1530 141 1596 post
151 1531 232 1598 quim
240 1529 325 1592 rediit,
337 1531 412 1581 alium
423 1549 462 1581 me
472 1549 571 1598 corpore
580 1547 651 1592 toto,

26 1609 57 1656 Ac
68 1608 158 1660 fueram
165 1627 258 1676 nuper,
269 1626 312 1659 nec
327 1608 439 1659 eumdem
453 1625 551 1672 mente,
566 1612 654 1676 recepi.
743 1614 790 1666 960

25 1682 89 1734 Hanc
98 1703 142 1752 ego
160 1703 214 1738 tum
232 1687 338 1757 primum
348 1687 451 1740 viridem
466 1689 584 1755 ferrugine
595 1689 707 1747 barbam,

28 1759 197 1833 Caesariemque
208 1783 291 1816 meam
303 1801 312 1828 ,
327 1783 401 1832 quam
414 1767 487 1832 longa
497 1784 538 1832 per
547 1783 643 1833 aequora
650 1783 719 1814 verro
732 1801 740 1824 ,

27 1838 177 1910 Ingentesque
187 1843 304 1896 humerbe
316 1877 324 1902 ,
342 1847 366 1891 δι
378 1843 463 1910 caerula
472 1845 569 1892 brachia
579 1841 629 1892 vidi
643 1876 651 1901 ,

28 1915 145 1986 cruraque
160 1926 291 1988 pinnigero
301 1935 398 1971 curvata
408 1924 538 1972 novissima
548 1921 620 1986 pisce.

29 1992 90 2053 Quid
106 2013 187 2050 tamen
197 2003 251 2050 haec
266 2001 370 2064 species,
381 1997 441 2064 quid
450 1997 496 2060 Dis
506 1993 722 2063 placuiffcmarinis
734 2005 788 2062 ,765

30 2070 90 2131 Quid
101 2069 169 2140 juvat
179 2075 229 2128 effe
240 2077 322 2126 Deum
332 2111 340 2136 ‚
355 2079 375 2124 si
386 2089 411 2126 tu
423 2092 473 2125 non
484 2078 585 2140 tangeris
596 2073 643 2124 istis
654 2077 663 2124 i

30 2147 95 2201 Talia
108 2149 250 2214 dicentem,
267 2152 386 2203 didurum
401 2154 484 2220 plura,
503 2153 601 2221 reliquit
639 2207 648 2219 fl

31 2226 104 2286 Scylla
116 2232 198 2284 Deum
210 2253 217 2283 z
231 2233 352 2292 furitilie,
364 2230 616 2298 irritatusquerepulsi

31 2301 164 2374 Prodigiosa
174 2314 239 2378 petit
249 2309 376 2361 Titanidos
386 2315 445 2362 atria
458 2310 551 2363 Circes.

36 2441 743 2536 *mm-:naemu

166 2589 407 2663 trnnn
463 2545 599 2662 riu
780 2561 781 2566 '

36 2694 68 2818 J
74 2777 116 2814 AM
125 2781 193 2826 Qun
206 2767 328 2835 Gigantiis
338 2770 448 2834 iniebam
461 2767 567 2817 faucibus
581 2765 685 2820 neren,

38 2839 141 2908 Arvaque
161 2845 319 2912 Cyclopum,
338 2843 397 2912 quid
413 2846 500 2902 rastra,
513 2842 571 2909 quid
582 2844 635 2891 usus
646 2843 716 2890 aratri

37 2911 135 2984 Nescia,
152 2939 195 2976 nec
209 2928 337 2994 quicquam
347 2921 432 2990 junctis
443 2921 553 2973 debentia
561 2921 638 2977 nribus
644 2955 654 2983 ,
