1980 3714
94 291 518 362 Minnnomnosnon
534 291 572 360 L.
589 293 668 360 XV.
692 317 757 380 339

48 407 99 464 Eric
109 413 171 470 ioci,
191 418 321 480 positaeque
338 414 403 464 italis
420 416 446 464 in
460 412 546 462 finibus
558 415 631 464 urbis.

80 492 121 542 Vir
137 493 183 542 iuis
193 491 234 541 hic
243 508 299 542 ortu
310 495 402 542 Samius
413 490 471 542 esed
482 493 577 558 fugerat
588 491 636 542 uni
732 537 736 542 .
751 525 755 534 ·
778 505 808 543 σο

48 567 80 619 Er
95 573 180 622 Samon
197 575 221 622 dt
237 571 371 631 dominos,
387 570 495 638 odioque
506 570 638 635 tyrannidis
649 573 713 622 exsui

49 649 133 712 Sponte
143 665 194 700 erat
205 670 212 700 e
225 654 306 716 isque,
322 649 379 700 licet
389 651 445 700 cceii
456 653 553 715 regione
569 664 676 700 remotos
688 685 696 711 ,
714 673 719 680 ·

48 725 129 776 Mente
139 728 203 778 Deos
217 729 278 780 adiit
290 747 297 789 ¹,
311 734 333 778 dt
346 763 354 788 ,
370 745 424 795 qua
437 745 524 780 natura
536 731 639 794 negabat

47 803 139 854 Visibus
157 809 285 866 humanis,
303 807 380 856 oculis
391 823 418 856 ea
430 811 529 871 petieris
540 809 629 875 hausit.

48 880 157 950 Crimque
168 890 250 934 animo
262 919 270 940 ,
288 891 312 935 et
323 887 391 950 uigili
404 889 550 951 perspexerat
560 889 644 935 omnia
656 886 728 939 curis
781 895 794 931 6
799 903 808 944 5

48 961 76 1010 ln
94 961 197 1012 medium
210 963 321 1014 discenda
333 963 421 1014 dabat:
437 981 575 1030 cretumque
589 963 720 1023 silentum,

47 1037 161 1107 Didaque
171 1043 320 1102 mirantum,
333 1047 415 1108 magni
430 1043 561 1108 primordia
576 1042 682 1104 mnndi,

46 1117 80 1168 Et
92 1135 168 1168 terum
184 1122 265 1170 causas
279 1155 287 1179 ,
299 1125 323 1170 de
340 1117 399 1186 quid
409 1135 510 1176 natura.
529 1120 650 1178 docebar;

47 1193 111 1256 Quid
122 1196 203 1252 Deus.
221 1197 283 1248 unde
299 1203 365 1248 nives
376 1234 384 1257 ‚
396 1215 448 1265 quae
459 1199 567 1248 fulminis
579 1197 636 1248 esset
648 1201 717 1264 origo
730 1217 737 1250 r

44 1272 165 1338 iuppiter,
183 1292 213 1325 an
228 1279 308 1336 venti,
330 1275 433 1326 discussi
445 1279 520 1332 nube,
535 1291 660 1334 tonareu13
782 1291 817 1333 70

45 1351 112 1412 Quid
122 1347 230 1420 quateret
242 1369 333 1412 terras,
349 1351 483 1420 quisidera
499 1355 550 1418 iege
566 1367 689 1411 mearent,
751 1357 755 1365 '

43 1425 78 1484 Et
87 1429 256 1498 quodcumque
268 1432 336 1482 latet.
348 1432 487 1498 Primusque
498 1431 612 1482 animalia
621 1435 710 1482 mensis

44 1510 128 1560 Arcuit
138 1511 232 1574 imponi
244 1527 250 1557 ι
262 1513 352 1574 primus
363 1525 460 1575 quoque
469 1509 555 1558 taiibus
565 1525 608 1560 ora

44 1587 123 1640 Deoia
132 1585 231 1654 quidem
243 1587 336 1648 solvis,
351 1586 392 1637 sed
408 1603 457 1638 non
475 1592 499 1636 dc
516 1586 626 1647 credita,
644 1587 730 1637 verbis.

77 1667 190 1726 Parcite,
213 1665 346 1726 mortales,
366 1663 466 1732 dapibus
478 1681 593 1715 remerare
607 1665 716 1716 nefandis
783 1689 811 1736 75

42 1743 163 1810 Corpora.
175 1745 235 1792 Sunt
246 1744 325 1809 fruges
336 1763 342 1792 r
354 1745 409 1792 sunt
419 1741 562 1792 deducentia
574 1759 653 1792 ramos
727 1771 730 1780 ι

40 1821 153 1874 Pondere
163 1838 237 1888 poma
251 1824 309 1877 suo,
327 1819 472 1886 tumideque
483 1824 509 1868 iu
520 1823 608 1870 vitibus
619 1837 669 1870 uvae
681 1840 689 1880 5

41 1903 104 1952 Sunt
115 1901 194 1950 herbae
201 1898 283 1950 dulces
292 1916 299 1948 e
307 1899 378 1956 sunt,
393 1913 447 1963 que
456 1898 579 1946 mitescere
586 1893 699 1952 insumi.

39 1979 188 2044 Mollirique
198 1991 297 2042 queant.
311 1975 362 2026 Nec
372 1977 442 2025 vobis
453 1974 540 2024 iaueus
548 1977 635 2024 humor
648 2009 657 2034 ,
726 1991 729 1998 ¹

39 2053 171 2121 Eripitur,
187 2053 315 2104 necmelia
328 2055 406 2116 thymi
419 2050 553 2102 redolentia
569 2050 663 2102 florem.
701 2085 704 2090 -
784 2069 815 2120 30

39 2132 149 2198 Prodiga
164 2131 259 2182 divitias
275 2131 437 2198 alimentaque
452 2133 522 2180 mitia
533 2130 603 2180 relius
643 2156 646 2166 v

39 2211 171 2276 suggerite
180 2225 251 2276 atque
261 2209 343 2274 epulae
353 2211 403 2258 sine
413 2206 477 2258 cede
489 2212 514 2257 dt
525 2209 639 2274 sanguine
651 2206 749 2275 prabet.

38 2289 125 2342 Carne
138 2286 194 2337 iera:
207 2285 290 2338 sedant
299 2289 406 2352 jejunia3
421 2301 465 2335 nec
479 2300 561 2336 tamen
574 2301 666 2336 omnes.

38 2365 142 2431 Quippe
153 2379 237 2430 equus,
249 2368 273 2414 δι
286 2362 398 2430 pecudes,
410 2379 544 2431 armentaq3
557 2369 665 2430 gramine
671 2370 765 2420 vivunt.

37 2443 75 2493 At
88 2445 179 2508 quibus
188 2444 311 2507 ingenium
320 2443 352 2491 eii
362 2445 612 2510 immansuetumque,
629 2444 765 2514 ferumque,
783 2465 812 2528 35

38 2519 167 2569 Armeniae
176 2522 261 2583 tigres.
279 2517 434 2585 iracundique
446 2520 544 2577 icones,

39 2595 163 2662 Cumque
181 2595 243 2661 iupis
254 2598 319 2654 ursi,
330 2593 430 2660 dapibus
441 2613 497 2649 eum
512 2600 625 2666 sanguine
634 2601 748 2669 gaudent.

37 2675 98 2726 Heu
108 2674 116 2723 i
133 2688 253 2740 quantum
264 2671 340 2724 sceius
350 2674 398 2734 est,
411 2678 436 2726 in
445 2679 535 2726 viscera
546 2678 635 2729 viscera
646 2679 719 2730 condi
731 2683 738 2731 i

37 2751 218 2819 congestoque
228 2749 325 2804 aridum
336 2755 487 2818 pinguescere
497 2769 597 2820 corpore
614 2759 715 2823 corpus!

36 2831 198 2898 Alteriusque
207 2833 356 2880 animantem
372 2833 501 2880 animantis
516 2834 597 2882 viuere
608 2832 674 2884 leto!
783 2864 815 2910 90

36 2906 144 2958 Scilicet
159 2911 187 2958 in
202 2910 274 2958 mutia
284 2907 388 2973 opibus,
407 2921 465 2972 quaa
476 2910 568 2972 optima
580 2925 685 2963 matrum

38 2985 120 3036 Terra
137 2987 218 3053 parit,
234 2985 270 3036 nil
284 2999 309 3036 te
319 2985 366 3036 uiri
374 2983 447 3036 tristia
457 2983 571 3038 mandere
581 2989 642 3038 savo

579 3064 629 3132 Ρη·
