2056 3706
140 237 143 244 ’
232 248 834 339 '4P.OvrnrrNAsours
911 263 921 290 ’τ

184 381 192 414 ¹
203 384 214 431 5
234 375 334 441 Quique
350 373 396 422 suit
410 371 480 421 telius
490 407 498 432 ‚
510 369 696 435 {interpositus
709 375 734 418 δι
746 374 799 418 a'e‘rz

229 455 267 502 Sic
278 468 327 501 etat
338 449 452 499 instabilis
465 449 551 508 tellus,
567 448 679 498 innabilis
694 446 777 506 unda,

190 521 199 532 ¹
228 531 298 579 Lucis
313 545 382 594 egens
393 535 432 576 a'e'r
444 547 449 575 :
463 526 524 576 nulli
535 528 577 574 sua
587 525 665 574 forma
676 526 803 584 manebat}

229 609 389 674 Obiiabatque
401 607 453 655 aliis
465 603 548 655 aliud:
562 607 619 670 quia
633 621 733 668 corpore
744 608 768 652 in
780 619 829 652 uno

227 686 323 752 Frigida
336 686 474 753 pugnabant
490 681 591 742 calidis,
605 685 729 730 humentia
744 684 827 738 siccis,

178 777 209 808 20
227 765 315 814 Mollia
326 782 381 814 cum
396 762 478 822 duris,
494 765 544 810 sine
555 758 660 826 pondere
671 753 781 808 habentia
794 753 893 822 pondus.

227 843 295 891 lianc
312 843 376 892 Deus
388 846 412 891 δι
426 841 514 890 melior
525 839 594 888 litem
605 839 697 888 Natura
709 836 806 886 diremit
818 855 824 884 t

226 919 292 982 Nam
302 919 366 968 crelo
375 934 463 976 terras,
480 921 505 966 ὅ(
517 919 584 966 tetris
595 915 696 966 abscidit
706 913 781 964 undas
790 932 799 972 ς

226 997 257 1046 Et
273 995 392 1063 liquidum
404 993 475 1062 spisso
487 997 586 1044 secrevit
597 995 626 1042 ab
639 998 689 1042 ae're
700 994 799 1043 eoelum.

226 1076 285 1136 Qute
299 1076 423 1140 postquam
436 1073 542 1132 evolvit,
555 1087 666 1137 caecoque
677 1075 764 1120 exemit
775 1086 877 1130 acervo,

175 1171 206 1212 -ις
225 1149 359 1202 Dissociata
374 1152 434 1201 locis
444 1148 559 1201 concordi
571 1167 628 1214 pace
641 1149 733 1214 ligavit.

226 1231 299 1294 ignea
308 1231 409 1278 convexi
422 1232 459 1277 vis
471 1231 495 1277 ὃ(
508 1232 557 1277 sine
569 1225 674 1292 pondere
684 1227 741 1276 coeii

225 1307 345 1365 Emicuit,
360 1306 501 1369 summique
513 1306 594 1353 locum
606 1307 651 1354 sibi
663 1306 722 1369 legit
731 1308 756 1352 in
768 1321 831 1354 arce.

225 1385 350 1434 Proximus
365 1383 397 1432 est
408 1388 446 1432 a'e'r
457 1382 493 1430 iili
505 1381 618 1442 levitate,
630 1383 742 1448 locoque.

224 1461 328 1509 Densior
339 1463 375 1508 his
391 1459 478 1517 tellus,
493 1459 658 1523 elementaque
670 1457 769 1523 grandia
780 1463 867 1520 traxit3

179 1551 208 1598 30
226 1539 255 1587 Er
271 1535 346 1602 pressa
357 1539 389 1586 est
399 1539 514 1602 gravitate
526 1538 569 1585 sui.
583 1534 744 1586 Circumfluus
759 1539 846 1586 humor

142 1642 144 1646 ¹
227 1616 319 1666 Ultima
337 1613 457 1682 poffedit,
475 1611 629 1680 solidumque
647 1617 753 1664 co'e'rcuit
767 1615 861 1665 orbem«

257 1777 295 1826 Sic
306 1775 346 1823 ubi
357 1772 494 1844 dispositam
505 1811 512 1835 ‚
525 1777 631 1843 quisquis
642 1775 689 1824 fuit
698 1775 740 1824 ilie
750 1775 876 1836 Deorum,
928 1785 932 1792 “

225 1852 372 1918 Congeriem
386 1856 477 1914 secuit,
489 1857 622 1920 sesiamque
636 1857 661 1902 in
675 1847 781 1904 membra
792 1853 900 1918 redegi15

226 1932 347 1996 Principio
364 1947 465 1991 terram,
481 1947 511 1980 ne
526 1947 575 1980 non
586 1933 681 1997 aeqnaiis
695 1933 724 1980 ab
736 1935 804 1980 omni

178 2021 204 2066 35
225 2009 292 2056 Parte
313 2008 388 2062 foret,
401 2012 482 2071 magni
495 2010 597 2072 speciem
606 2009 750 2072 glomeravit
761 2013 786 2057 in
802 2012 876 2061 orbis.

225 2087 289 2134 Turn
301 2085 360 2133 freta
371 2083 489 2143 diffundi,
501 2083 636 2151 rapidisque
648 2089 778 2136 tumescere
787 2093 867 2138 ventis
934 2099 935 2102 ’

223 2163 311 2221 Jussit‚
329 2166 353 2210 dc
366 2163 461 2210 ambitae
473 2161 621 2212 circumdare
633 2163 704 2213 litora
719 2179 793 2214 terrae.

224 2237 326 2289 Addidit
341 2243 365 2288 δι
380 2238 646 2306 sontes,immensaque
658 2243 895 2309 stagna‚,lncusque;

223 2319 380 2382 Fluminaque
391 2317 495 2382 obliquis
506 2321 579 2366 cinxit
590 2316 692 2368 declivia
702 2313 775 2385 ripis:
930 2321 933 2328 ⁴

175 2412 207 2454 40
225 2397 284 2456 Qun
299 2394 390 2444 diverse
407 2394 483 2454 locis,
499 2398 586 2459 partim
602 2398 726 2450 sorbentur
740 2401 769 2447 ab
780 2401 844 2464 ipsa,

224 2475 335 2550 lnmare
352 2477 493 2536 perveniunt
512 2477 613 2537 partim,
633 2491 766 2542 campoque
782 2493 877 2543 recepta

225 2553 352 2601 Liberiotis
366 2565 447 2615 aquae‚
461 2565 504 2614 pto
518 2553 574 2614 ripis
588 2553 659 2600 litora
673 2553 775 2616 pulsant.

224 2631 295 2679 Jussit
306 2633 330 2678 &
346 2626 440 2676 extendi
455 2643 568 2691 campos,
582 2627 699 2677 subsidere
709 2631 798 2690 valles,

224 2706 317 2758 Fronde
330 2709 378 2770 tegi
389 2705 471 2763 silvas,
483 2703 602 2768 lapidosos
613 2706 706 2770 surgere
717 2723 820 2757 montes¹

174 2790 203 2834 45
223 2788 304 2852 thue
316 2783 368 2834 duae
381 2781 463 2832 dextri
473 2782 577 2841 terium,
595 2783 744 2850 totidemque
755 2786 847 2836 sinistre

224 2865 292 2914 Parte
303 2865 382 2911 secant
393 2861 483 2919 Zone,
496 2863 580 2926 quinta
591 2862 623 2909 est
634 2860 754 2912 ardentior
765 2864 828 2926 illis3

203 2967 207 2976 ·
225 2946 263 2994 Sic
275 2959 335 2994 onus
343 2939 460 2991 inclusum
471 2953 572 2990 numero
582 2936 688 2992 distinxit
698 2938 785 2996 eodesu
