2078 3708
163 191 587 302 Meranorrrmstou
598 233 636 302 L.
652 235 715 305 VI.
741 255 809 322 κῃ

78 351 171 418 thue
187 354 255 402 salire
267 353 329 402 solet
339 353 456 403 mutilata
469 352 544 404 cauda
556 355 676 415 tolubrae,

78 429 210 494 palpitat,
227 434 253 478 δε
265 433 370 479 moriens
381 428 486 480 dominae
500 431 597 497 vestigia
608 433 701 498 quaerit.
810 441 860 492 ςέο

75 505 137 554 Hoc
150 523 247 574 quoque
262 507 315 572 post
326 507 433 568 facinus,
447 512 486 556 virt
505 512 580 558 ausim
593 508 704 572 credere,
717 507 791 560 sertut

74 584 149 648 Saepe
165 584 207 632 sui
225 585 331 634 lacerum
347 583 455 651 repetisse
466 585 567 636 libidine
578 601 673 652 corpur.

75 661 187 711 Sustinet
199 661 230 712 ad
244 663 353 713 Procnen
363 663 416 730 post
427 664 485 714 talia
496 663 559 716 falla
569 667 655 714 reverti
667 683 677 724 ς

73 736 198 804 Coniuge
214 755 267 805 quae
283 743 335 791 viso
354 758 493 807 germanam
513 744 599 807 quaerit
610 760 616 790 ε
629 758 656 794 at
669 743 711 793 ille

73 814 128 865 Dat
144 820 252 881 gemitus
267 815 356 878 filios,
373 833 557 886 commentaque
573 818 656 870 funeta
670 835 768 880 narrat3
809 819 854 872 5⁶5

73 893 107 942 Et
118 893 237 958 lacrymo
253 895 330 946 fecere
341 894 424 946 fidem.
436 896 563 946 Velamina
573 897 664 947 Procne

72 970 177 1038 Deripit
196 990 225 1022 ex
234 977 338 1025 humeris
348 1009 358 1034 ,
370 991 428 1025 auro
441 973 558 1040 fulgentia
568 974 618 1026 lato
629 991 642 1034 5-

75 1047 242 1116 induiturque
258 1066 319 1102 atras
337 1051 424 1104 vestes:
434 1055 537 1118 &inane
547 1053 681 1118 sepulcrum

73 1126 217 1178 Constituit
228 1165 239 1188 ‚
256 1129 369 1196 falsisque
387 1129 481 1196 piacula
492 1130 609 1181 Manibus
619 1129 707 1190 infert3

72 1205 106 1254 Et
127 1205 200 1272 luget
219 1223 269 1256 non
288 1209 321 1256 sic
336 1205 447 1273 lugenda
461 1207 510 1256 fata
526 1207 621 1269 sororis.
805 1209 815 1254 5
820 1207 852 1252 7⁰

70 1286 148 1348 Signa
166 1285 234 1333 Deus
244 1285 280 1333 bis
291 1287 329 1334 sex
342 1287 394 1334 alio
406 1285 544 1334 lustraverat
555 1301 619 1334 anno
632 1302 639 1333 e

71 1361 140 1421 Quid
165 1361 239 1412 faciat
253 1362 405 1412 Philomela?
418 1361 499 1428 fugam
512 1360 618 1411 custodia
629 1358 720 1411 claudit
732 1380 739 1422 ς

70 1441 170 1490 Strulla
182 1445 258 1505 rigent
274 1439 353 1491 solido
371 1441 517 1491 stabulorum
534 1445 624 1491 moenia
635 1442 710 1500 sa103
809 1459 814 1468 ·

72 1517 106 1565 Os
125 1534 226 1568 mutum
241 1520 295 1570 fatti
311 1535 375 1574 caret
391 1518 480 1574 indice.
501 1518 597 1572 Grande
615 1517 696 1568 dolori

72 1593 204 1660 lugenium
221 1598 273 1655 est,
294 1598 431 1664 militisque
452 1601 521 1650 venit
538 1597 643 1648 sollertia
660 1597 738 1652 tebur.
802 1617 849 1663 575

73 1671 186 1722 Stamina
200 1673 322 1724 barbarici
336 1672 457 1739 suspendit
472 1673 558 1724 callida
572 1673 639 1734 teliu,

6 1800 10 1810 ¹
71 1748 256 1816 Purpureasque
268 1767 336 1801 notar
346 1750 392 1801 filit
406 1755 507 1802 intexuit
522 1751 601 1812 albis,

72 1824 199 1878 Indicium
216 1829 323 1878 sceleris:
336 1830 484 1896 perfellaque
500 1828 599 1884 tradidit
610 1831 674 1888 uni·²
711 1863 715 1870 ·

72 1903 157 1972 thue
175 1907 236 1956 serat
251 1905 358 1963 dominae
374 1908 438 1978 gestu
456 1923 533 1972 rogat.
555 1907 600 1956 llle
614 1921 696 1971 rogata

72 1969 178 2034 Pertulit
194 1983 225 2034 ad
244 1985 370 2046 Procnen,
383 1973 482 2035 nec'scit
492 1982 552 2050 quid
568 1981 646 2032 tradat
655 1985 680 2030 in
694 1983 751 2030 illis.
800 1981 849 2042 iio

71 2057 174 2112 Evolvit
195 2062 269 2114 vestes
286 2064 341 2114 saevi
356 2078 468 2112 matrona
487 2064 602 2124 tyranni,

72 2137 249 2205 Germanaque
265 2141 312 2190 shae
329 2157 425 2190 carmen
442 2139 576 2190 miserabile
595 2137 674 2204 legite

73 2215 122 2275 Et,
142 2221 235 2268 rnirunt
247 2213 365 2284 potuisse,
383 2217 444 2270 silet.
460 2217 539 2267 Dolor
556 2233 598 2270 ora
617 2218 728 2280 repressit
735 2233 748 2276 ·,

72 2293 201 2362 Verbaque
213 2330 222 2354 ,
238 2298 353 2364 quaerenti
364 2296 418 2346 satie
429 2293 577 2360 indignantia
594 2293 681 2362 lingue

72 2369 277 2426 Defueruntznec
289 2371 345 2427 llere
354 2388 422 2428 vaoat
433 2391 439 2420 τ
451 2370 491 2422 sed
506 2373 587 2440 fasque
600 2371 716 2435 nefasque
796 2384 841 2444 585

74 2449 214 2500 Conftrsura
228 2454 287 2500 tuit:
295 2467 419 2521 ponatque
436 2453 460 2498 in
475 2452 578 2514 imagine
593 2464 642 2498 tota
653 2449 693 2496 cll.

73 2527 181 2596 Tempus
202 2545 267 2588 erat,
287 2545 335 2596 quo
346 2531 410 2584 satra
420 2527 498 2582 solent
511 2527 640 2576 Trl‘e'terica
650 2525 738 2575 Bacchi

73 2607 190 2657 Sithonia
201 2608 320 2656 celebrare
334 2622 405 2656 nurus
416 2623 422 2654 t
434 2621 482 2656 nox
498 2606 593 2654 conscia
607 2605 686 2655 sacris.

74 2683 150 2734 Nolite
163 2687 233 2736 sonat
244 2682 361 2750 Rhodope
372 2684 496 2736 tinnitibus
507 2687 558 2733 aeris
570 2685 651 2740 acuti,

74 2762 151 2813 Nolle
170 2763 212 2818 sui
230 2761 262 2816 est
273 2759 361 2826 egressa
373 2760 448 2830 domo
462 2763 542 2828 regina
554 2779 560 2807 ε
574 2759 667 2826 Deiqne
793 2775 842 2821 520

73 2839 166 2892 liitlbus
177 2843 299 2894 instruitur
306 2873 315 2899 ,
333 2839 473 2904 furialiaque
485 2841 571 2902 accipit
583 2853 657 2887 arma.

74 2916 131 2976 lite
147 2933 218 2992 eaput
229 2916 404 2986 tegituralatrri
414 2919 507 2972 eerv‘ura
519 2914 612 2970 siuillto
