2036 3714
105 270 580 392 Merruonrnosnou'z.
599 321 702 390 VIII.
723 324 785 410 183

65 443 102 494 Et
114 481 123 506 ,
135 463 197 513 quos
208 446 304 494 sustinui
316 479 324 504 ‚
336 446 372 494 bis
383 443 493 494 menstirn
505 446 610 510 quinque
621 443 732 494 labores?
792 448 838 494 50⁰

66 522 107 570 O!
129 527 222 572 utinam
234 526 317 588 primis
328 521 417 572 arsisses
427 523 521 587 ignibus
532 522 626 574 infans!
777 584 780 590 1

64 597 148 666 quue
165 618 211 666 ego
221 599 285 666 psss'a
301 601 378 650 forem
390 601 398 650 l
410 601 495 650 vixisti
512 617 609 650 munere
619 599 718 660 nostro,

24 697 28 700 ·
66 677 144 728 Nunc
163 683 250 728 merito
261 681 363 728 moriere
374 693 425 728 tuo.
439 670 507 744 Cape
518 682 615 744 premia
626 678 702 734 festu

65 754 159 821 Bisque
176 755 274 812 datam,
287 755 392 821 prirntlm
402 772 471 822 partu
483 774 541 806 niort
559 757 637 821 stipite
648 771 734 821 rupto,

65 833 155 884 Redde
165 839 285 884 animam:
298 835 335 884 vel
348 851 386 884 me
397 834 506 884 fraternis
516 833 576 884 adde
585 835 707 900 sepulcris.
794 837 838 887 505

65 911 191 978 Etcupio,
202 917 335 978 &nequeo
344 910 493 978 Quidngsnri
500 911 575 962 modo
581 911 681 964 vulnera
690 910 792 960 fratrum

64 989 133 1038 Ante
149 990 234 1039 oculos
251 991 312 1038 mibi
323 991 397 1050 sunt,
418 994 442 1040 δι
460 989 620 1043 tsntaeclndis
631 993 727 1053 imago:

65 1067 144 1118 Nunc
160 1071 269 1118 animum
278 1071 352 1133 pietas
364 1083 534 1136 ,maternaque
543 1072 642 1121 uomina
652 1067 773 1130 frangunt.

64 1145 113 1195 Me
134 1149 263 1198 miseram!
283 1147 346 1196 male
357 1150 459 1200 vincetis
470 1168 475 1196 ι
488 1146 529 1198 sed
539 1150 628 1214 vincite
638 1179 646 1204 ,
658 1145 755 1202 frettes3
769 1165 770 1168 ¹

63 1223 215 1274 Dummodo
227 1259 236 1285 ,
251 1241 304 1290 quar
315 1222 404 1282 dedero
424 1227 493 1276 robis
505 1227 607 1284 solatis,
619 1239 710 1288 vosque
792 1229 838 1273 5¹0

64 1302 122 1368 Ipsa
141 1305 233 1369 sequar.
245 1303 331 1353 Dixit:
343 1301 474 1370 dextrique
485 1306 565 1354 auersa
576 1303 690 1354 trementi

64 1381 205 1430 funereum
222 1396 311 1432 torrem
323 1380 415 1432 medios
426 1386 530 1447 conjecit
541 1385 565 1432 in
577 1385 652 1446 ignes.

63 1459 118 1509 Aut
135 1458 218 1519 dedit,
231 1461 341 1510 nutrisus
351 1463 454 1525 gemitus
464 1461 498 1510 est
512 1461 553 1510 ille
565 1456 657 1510 dedisse

66 1539 162 1602 Stipes:
177 1542 200 1587 bt
212 1541 294 1587 invitis
307 1553 429 1602 correptus
447 1539 477 1587 ab
488 1541 584 1604 ignibus
594 1541 660 1588 assir.

65 1616 161 1666 Inscius
173 1651 182 1677 ,
199 1631 271 1683 atque
291 1617 372 1665 absens
383 1616 482 1666 flentrni
492 1618 627 1681 Meleagros
638 1619 664 1666 in
675 1613 719 1664 illa
794 1619 839 1668 5¹5

60 1695 155 1745 -Uritur
168 1731 177 1754 ‚
196 1700 220 1746 bt
238 1699 306 1746 caecis
316 1699 401 1744 torreri
410 1698 501 1747 viscere
512 1697 585 1744 sentit

66 1775 169 1840 Ignibus
178 1787 219 1824 sat
234 1789 334 1838 magnos
346 1774 439 1838 superat
448 1777 536 1824 virtute
546 1771 650 1822 dolores.

68 1852 145 1913 Quod
162 1869 243 1902 tamen
253 1856 342 1918 ignavo
352 1851 439 1907 cadat,
461 1857 485 1902 bc
496 1856 545 1901 sine
558 1854 690 1916 sanguine,
710 1849 775 1908 leto,

66 1932 157 1981 Maeret
169 1950 174 1979 ι
188 1937 211 1980 bt
225 1932 304 1980 Ancaei
326 1930 408 1980 felicis
426 1929 524 1978 vulnera
539 1926 608 1977 dicit.

67 2007 279 2075 Grandaevurnque
293 2023 398 2074 patrem,
409 2007 572 2070 fratremque,
583 2005 780 2070 piasquesotores
793 2019 840 2065 520

66 2087 136 2139 Cum
155 2091 264 2153 gemitu,
286 2089 424 2152 sociamque
437 2088 484 2134 tori
499 2098 572 2134 vocar
583 2099 624 2132 ore
637 2085 747 2147 supremo
759 2100 766 2136 ς

64 2165 179 2216 Forsitan
199 2169 225 2216 bc
236 2179 347 2215 matrem.
367 2161 485 2213 Crescunt
496 2165 604 2228 ignisque
616 2159 734 2226 dolorque
749 2197 755 2216 ‚

66 2243 283 2308 Languescunrque
294 2247 399 2290 iterumn
413 2241 487 2289 Simul
499 2241 531 2290 est
543 2243 657 2290 enindus
668 2253 767 2304 uterque
781 2275 790 2299 ‚

67 2321 147 2388 Inque
168 2322 230 2371 leves
246 2322 307 2372 abiit
323 2319 439 2384 paulatim
450 2321 542 2385 spiritus
555 2337 631 2371 auras.
707 2323 715 2335 ’

67 2399 128 2449 Alta
147 2403 209 2465 jacet
226 2395 341 2460 Calydon
354 2417 360 2446 s
373 2398 454 2464 lugent
472 2403 614 2464 juvenesque
633 2399 753 2462 senesque.
793 2403 836 2451 5²5

67 2477 212 2543 vulgusque
224 2511 232 2538 ,
249 2493 404 2542 proceresque
417 2493 531 2544 gemunt:
541 2473 661 2541 scissaeque
671 2476 773 2541 capillos

69 2555 220 2620 Planguntur
240 2570 326 2604 inatres
347 2553 512 2618 Calydonides
530 2556 648 2604 Eveninae.

68 2633 170 2683 Pulvere
189 2637 304 2684 canitiem
316 2637 410 2698 genitor
429 2634 555 2699 vultusque
575 2633 657 2682 seniles

70 2710 157 2762 Foednt
170 2715 240 2762 httrni
257 2711 341 2767 susus,
363 2713 539 2778 spatiosumque
552 2713 659 2774 increpat
674 2727 760 2760 aevurn.

70 2789 136 2840 Nam
158 2789 188 2842 de
210 2805 286 2840 matre
300 2807 401 2850 manus,
419 2789 465 2840 diri
477 2793 522 2838 sibi
532 2790 628 2838 conscia
639 2787 715 2849 fessi,
793 2799 801 2842 ς
809 2797 840 2842 3⁰

70 2869 156 2934 Exegit
173 2885 272 2934 prunas,
289 2873 340 2918 asro
353 2887 393 2935 per
404 2871 492 2919 sistere
507 2867 580 2918 fetro.

70 2947 129 2998 Non
148 2950 210 2998 mihi
220 2952 240 2996 si
252 2963 348 2999 centum
360 2949 424 2997 Deus
442 2965 484 2998 ora
498 2948 622 3002 sonantis,
637 2945 724 3010 linguae

71 3025 247 3094 Ingeniumque
259 3043 332 3094 capax
343 3061 352 3092 ‚
372 3041 498 3094 totumque
510 3024 627 3075 Helicona
637 3019 758 3078 dediffets
