2036 3714
213 243 279 320 196
353 234 397 304 P.
421 235 574 300 Ovrnrr
593 235 790 300 Nasonis

210 357 332 420 Experirur
342 358 430 419 conjux
442 373 447 402 :
460 355 563 418 spectant
577 367 684 402 armenta
697 387 705 412 ‚
719 365 855 417 paventque

209 435 294 483 Nescia
305 450 377 499 quem
388 447 483 482 maneat
494 435 554 480 tanti
564 433 664 480 viderie
677 435 755 495 regni.

160 523 189 572 50
208 513 256 561 Ter
274 503 325 562 'sine
335 511 442 577 profeeiu
452 509 531 560 voluit
541 513 642 559 nitentia
658 525 744 558 contra

207 591 313 656 Rejicere
332 587 426 640 Alcides
440 605 454 638 a
469 589 491 640 se
508 604 562 638 mea
576 590 687 652 peitora:
700 583 787 652 quarth

207 669 305 719 Excutit
315 667 452 734 ampiexus,
463 664 610 732 addutaaque
628 665 725 716 brachia
735 664 824 722 solvit;

207 747 387 812 impulsumque
401 761 488 805 manu,
504 759 596 794 certum
605 745 665 792 mihi
675 759 731 792 vera
741 742 827 800 fateri,

206 825 317 873 Protinus
335 827 437 876 avertit:
450 837 565 888 tergoque
580 823 692 870 onerosus
707 823 811 870 inhesit.

161 917 187 962 55
207 903 231 950 Si
248 919 295 968 qua
314 899 392 961 fides,
411 903 565 966 nequeenim
583 897 638 948 flua
655 901 715 947 mihi
725 897 805 963 gioria
822 913 883 946 voce

206 979 342 1041 Quaeritur,
359 981 473 1044 imposito
484 974 573 1042 psellus
583 979 643 1026 mihi
654 993 736 1026 moute
747 971 856 1026 videbar.

205 1057 253 1107 Vix
270 1073 350 1108 tamen
368 1059 456 1106 exserui
468 1053 553 1104 sudore
570 1053 669 1104 fluentia
685 1053 765 1104 multo

205 1135 305 1186 Brachia
317 1154 325 1196 3
347 1138 386 1184 vix
397 1133 457 1184 solvi
468 1131 539 1182 dutus
551 1148 565 1181 a
575 1149 675 1198 corpore
684 1149 765 1182 nexus.

205 1213 278 1264 Instat
295 1213 433 1268 anhelanti,
454 1213 611 1278 prohibetque
630 1213 747 1261 resumere
762 1214 837 1260 vires:

157 1303 188 1342 60
205 1290 236 1338 Et
254 1293 345 1342 cervice
356 1290 410 1340 mei
420 1292 520 1356 potitur.
542 1290 607 1338 Tum
623 1286 726 1356 denique
737 1290 808 1340 tellus

204 1365 282 1418 Prelia
297 1385 359 1434 genu
370 1368 451 1420 nostro
467 1368 511 1428 est,
524 1371 548 1417 ὃ(
560 1383 639 1417 arenas
650 1385 691 1416 ore
703 1367 835 1422 momordi.

203 1447 305 1495 inferior
315 1451 422 1505 virtute,
436 1463 500 1496 meas
512 1444 622 1497 devertor
633 1443 663 1496 ad
674 1461 735 1498 artes
742 1465 751 1506 3

203 1523 338 1590 Elaborque
348 1528 420 1579 viro,
442 1524 543 1589 longum
555 1523 671 1575 formatus
686 1528 713 1574 in
723 1541 835 1590 anguem.
853 1579 864 1605 ,

204 1602 252 1663 Qui
270 1603 321 1667 post
336 1601 411 1668 quim
429 1600 503 1651 flexos
519 1607 610 1652 sinuavi
621 1619 706 1667 corpus
717 1606 743 1651 in
754 1605 838 1664 orbes,

155 1687 185 1740 tp
203 1679 315 1746 Cquue
330 1679 382 1729 fero
400 1683 466 1730 movi
478 1681 586 1746 linguam
598 1679 697 1730 stridore
706 1682 839 1742 bisulcam3

201 1759 263 1808 Risit
274 1794 282 1817 ,
299 1762 323 1810 dc
334 1757 437 1808 illudens
452 1760 541 1808 nostras
552 1761 693 1822 Tirynthius
704 1776 782 1820 artes;

201 1836 405 1888 Cunarumlabor
418 1837 451 1886 est
469 1853 555 1902 angues
566 1839 673 1902 superare
684 1855 809 1900 mearum,

200 1913 269 1964 Dixit
278 1913 290 1965 :¹
298 1919 322 1964 dc
335 1949 343 1975 ,
356 1930 382 1964 ut
392 1917 472 1966 vincas
489 1915 563 1974 alios,
577 1915 699 1976 Acheloe,
712 1915 824 1966 dracones
834 1935 842 1976 ς

201 1993 256 2041 Pars
267 2008 341 2058 quota
352 1993 453 2042 Lernaeae
464 1995 612 2058 serperastris
630 2011 688 2042 unus
697 1993 809 2044 Echidna
821 2003 830 2048 Ξ

147 2074 183 2118 70
202 2069 345 2119 Vulneribus
359 2069 461 2119 fecunda
472 2073 517 2118 suis
529 2085 578 2120 erat
587 2070 631 2120 illa
643 2089 649 2118 t
660 2089 703 2122 uec
716 2071 794 2120 ullum
826 2092 829 2096 ·

199 2147 238 2200 De
254 2161 350 2199 centum
365 2164 465 2198 numero
476 2164 547 2214 caput
557 2149 698 2214 estimpune
712 2153 833 2214 recisum,

200 2225 266 2286 Quin
283 2227 380 2290 gemino
392 2229 470 2276 cervix
485 2226 571 2277 herede
586 2229 703 2288 valentior
718 2227 785 2280 effer.

199 2303 268 2352 Hanc
285 2319 330 2369 ego
342 2306 460 2354 ramosam
471 2307 534 2354 natis
548 2325 563 2376 ¹e
574 2308 638 2356 caede
649 2305 768 2370 colubris,

176 2432 180 2438 ,
200 2381 400 2448 Crescentemque
410 2381 495 2438 malo,
513 2382 611 2444 domui3
623 2383 790 2453 domitamque
800 2393 908 2454 peremi.

150 2465 179 2513 75
200 2458 265 2519 Quid
277 2462 328 2511 fote
344 2476 367 2510 te
378 2459 458 2512 credas
470 2497 478 2522 ‚
491 2463 570 2512 solum
581 2467 621 2532 qui
631 2465 709 2514 versus
721 2469 750 2516 in
764 2483 871 2532 anguem

198 2541 271 2588 Arma
290 2538 366 2590 aliena
381 2545 482 2590 moves?
500 2559 572 2608 quem
589 2542 666 2592 forma
676 2548 782 2608 precaria
801 2547 890 2598 celat?

198 2615 312 2668 Dixerat:
323 2621 348 2666 8(
359 2619 453 2666 summo
465 2617 596 2684 digitorum
610 2621 706 2670 vincula
717 2623 784 2672 colio

114 2707 116 2712 ·
170 2704 172 2707 ’
198 2694 287 2759 Iniicit.
307 2697 415 2762 Angebat
429 2732 437 2757 ,
449 2714 492 2746 ceu
504 2714 600 2764 guttura
617 2698 708 2764 forcipe
718 2699 826 2765 preil'u53

197 2771 375 2840 Pollicibusque
387 2791 451 2825 meas
464 2778 599 2840 pugnabam
611 2777 711 2838 evellere
720 2777 811 2830 fauces.

148 2846 179 2894 80
196 2852 233 2898 Sic
245 2869 341 2918 quoque
354 2851 446 2902 devidlo
457 2854 557 2904 restabat
568 2859 636 2904 tertia
648 2859 708 2905 tauri

197 2931 283 2979 Forma
306 2933 394 2980 trucis:
408 2946 476 2982 tauro
491 2948 596 2990 mutatus
609 2935 734 2998 membra,
746 2936 849 2990 rebelle.
